day;timestamp;product;bid_price_1;bid_volume_1;bid_price_2;bid_volume_2;bid_price_3;bid_volume_3;ask_price_1;ask_volume_1;ask_price_2;ask_volume_2;ask_price_3;ask_volume_3;mid_price;profit_and_loss
0;0;PEARLS;9998;9;9995;23;;;10005;23;;;;;10001.5;0.0
0;0;BANANAS;4893;9;4892;23;;;4899;23;;;;;4896.0;0.0
0;100;PEARLS;10002;1;10000;2;9998;4;10004;1;10005;21;;;10003.0;0.0
0;100;BANANAS;4897;1;4892;26;;;4898;22;;;;;4897.5;0.0
0;200;PEARLS;9996;1;9995;21;;;10004;1;10005;21;;;10000.0;2.0
0;200;BANANAS;4892;22;;;;;4899;22;;;;;4895.5;0.0
0;300;PEARLS;9995;26;;;;;10005;26;;;;;10000.0;5.0
0;300;BANANAS;4898;1;4893;26;;;4900;26;;;;;4899.0;1.82177734375
0;400;PEARLS;9998;8;9996;2;9995;26;10004;2;10005;26;;;10001.0;5.0
0;400;BANANAS;4894;8;4893;28;;;4896;5;4899;28;;;4895.0;1.9892578125
0;500;PEARLS;9998;8;9996;1;9995;23;10004;1;10005;23;;;10001.0;5.0
0;500;BANANAS;4898;1;4894;8;4893;24;4899;24;;;;;4898.5;2.03125
0;600;PEARLS;9996;2;9995;28;;;10004;2;10005;28;;;10000.0;5.0
0;600;BANANAS;4892;30;;;;;4899;30;;;;;4895.5;2.50439453125
0;700;PEARLS;9996;1;9995;22;;;10004;1;10005;22;;;10000.0;5.0
0;700;BANANAS;4891;22;;;;;4898;23;;;;;4894.5;3.283203125
0;800;PEARLS;9996;1;9995;24;;;10000;3;10004;1;10005;24;9998.0;5.0
0;800;BANANAS;4894;1;4891;25;;;4898;25;;;;;4896.0;3.54833984375
0;900;BANANAS;4892;1;4891;20;;;4898;21;;;;;4895.0;3.17529296875
0;900;PEARLS;9996;1;9995;20;;;9998;11;10004;1;10005;20;9997.0;5.0
0;1000;PEARLS;9996;1;9995;30;;;10004;1;10005;30;;;10000.0;27.0
0;1000;BANANAS;4891;31;;;;;4897;1;4898;30;;;4894.0;3.7880859375
0;1100;BANANAS;4891;22;;;;;4896;6;4898;22;;;4893.5;8.513671875
0;1100;PEARLS;9996;1;9995;21;;;10002;6;10004;1;10005;21;9999.0;27.0
0;1200;PEARLS;9996;1;9995;22;;;10004;1;10005;22;;;10000.0;27.0
0;1200;BANANAS;4891;22;;;;;4898;23;;;;;4894.5;8.220703125
0;1300;BANANAS;4890;25;;;;;4897;25;;;;;4893.5;10.56640625
0;1300;PEARLS;10002;1;9995;25;;;10005;25;;;;;10003.5;27.0
0;1400;PEARLS;9995;23;;;;;10000;6;10005;23;;;9997.5;29.0
0;1400;BANANAS;4890;23;;;;;4897;23;;;;;4893.5;10.58203125
0;1500;BANANAS;4896;1;4891;1;4890;20;4897;21;;;;;4896.5;10.44921875
0;1500;PEARLS;9996;1;9995;20;;;9998;4;10004;1;10005;20;9997.0;29.0
0;1600;PEARLS;9996;2;9995;28;;;10004;2;10005;28;;;10000.0;37.0
0;1600;BANANAS;4891;30;;;;;4897;30;;;;;4894.0;12.3046875
0;1700;BANANAS;4890;28;;;;;4892;2;4897;28;;;4891.0;12.958984375
0;1700;PEARLS;9995;28;;;;;10005;28;;;;;10000.0;37.0
0;1800;PEARLS;10000;4;9995;23;;;10002;10;10005;23;;;10001.0;37.0
0;1800;BANANAS;4890;23;;;;;4895;10;4897;23;;;4892.5;16.6943359375
0;1900;BANANAS;4890;32;;;;;4891;1;4897;32;;;4890.5;17.5908203125
0;1900;PEARLS;9996;2;9995;30;;;10004;2;10005;30;;;10000.0;37.0
0;2000;PEARLS;9996;2;9995;21;;;10004;2;10005;21;;;10000.0;37.0
0;2000;BANANAS;4890;23;;;;;4896;2;4897;21;;;4893.0;20.5078125
0;2100;BANANAS;4890;28;;;;;4896;2;4897;26;;;4893.0;20.84765625
0;2100;PEARLS;9996;2;9995;26;;;10004;2;10005;26;;;10000.0;37.0
0;2200;PEARLS;9996;1;9995;20;;;9998;4;10004;1;10005;20;9997.0;37.0
0;2200;BANANAS;4890;1;4889;20;;;4896;21;;;;;4893.0;21.2373046875
0;2300;PEARLS;9996;2;9995;22;;;10004;2;10005;22;;;10000.0;45.0
0;2300;BANANAS;4890;2;4889;22;;;4892;1;4896;24;;;4891.0;21.4326171875
0;2400;PEARLS;9996;2;9995;20;;;10004;2;10005;20;;;10000.0;45.0
0;2400;BANANAS;4890;2;4889;20;;;4896;22;;;;;4893.0;22.201171875
0;2500;PEARLS;9998;3;9996;2;9995;21;10004;2;10005;21;;;10001.0;45.0
0;2500;BANANAS;4891;3;4890;23;;;4896;2;4897;21;;;4893.5;21.83349609375
0;2600;PEARLS;10002;1;9996;1;9995;29;10004;1;10005;29;;;10003.0;45.0
0;2600;BANANAS;4890;1;4889;29;;;4894;4;4896;30;;;4892.0;22.1962890625
0;2700;PEARLS;9998;7;9996;2;9995;21;10004;2;10005;21;;;10001.0;47.0
0;2700;BANANAS;4890;9;4889;21;;;4896;23;;;;;4893.0;22.20947265625
0;2800;PEARLS;9995;27;;;;;10005;27;;;;;10000.0;47.0
0;2800;BANANAS;4890;27;;;;;4897;27;;;;;4893.5;21.693359375
0;2900;PEARLS;9996;2;9995;20;;;10004;2;10005;20;;;10000.0;47.0
0;2900;BANANAS;4891;22;;;;;4897;22;;;;;4894.0;21.05419921875
0;3000;PEARLS;9996;1;9995;29;;;10004;1;10005;29;;;10000.0;47.0
0;3000;BANANAS;4896;1;4891;30;;;4897;30;;;;;4896.5;21.01318359375
0;3100;PEARLS;9998;5;9996;1;9995;27;10004;1;10005;27;;;10001.0;47.0
0;3100;BANANAS;4892;6;4891;28;;;4897;1;4898;27;;;4894.5;22.8671875
0;3200;PEARLS;10002;2;9995;24;;;10005;24;;;;;10003.5;47.0
0;3200;BANANAS;4891;24;;;;;4898;24;;;;;4894.5;21.669921875
0;3300;PEARLS;10002;1;9996;1;9995;24;10004;1;10005;24;;;10003.0;51.0
0;3300;BANANAS;4891;25;;;;;4897;1;4898;24;;;4894.0;22.49609375
0;3400;PEARLS;9998;10;9996;2;9995;27;10004;2;10005;27;;;10001.0;53.0
0;3400;BANANAS;4892;10;4891;29;;;4897;2;4898;27;;;4894.5;22.4775390625
0;3500;PEARLS;9995;26;;;;;10002;10;10005;26;;;9998.5;53.0
0;3500;BANANAS;4894;4;4891;26;;;4896;10;4898;26;;;4895.0;22.4755859375
0;3600;PEARLS;9995;27;;;;;10002;8;10005;27;;;9998.5;53.0
0;3600;BANANAS;4891;27;;;;;4896;8;4898;27;;;4893.5;22.7158203125
0;3700;PEARLS;9998;3;9995;25;;;10005;25;;;;;10001.5;53.0
0;3700;BANANAS;4893;4;4892;25;;;4898;25;;;;;4895.5;21.041015625
0;3800;PEARLS;9995;24;;;;;10005;24;;;;;10000.0;53.0
0;3800;BANANAS;4892;24;;;;;4899;24;;;;;4895.5;20.5244140625
0;3900;PEARLS;9996;2;9995;24;;;10004;2;10005;24;;;10000.0;53.0
0;3900;BANANAS;4892;26;;;;;4898;26;;;;;4895.0;21.056640625
0;4000;PEARLS;10002;1;9996;1;9995;30;10004;1;10005;30;;;10003.0;53.0
0;4000;BANANAS;4891;30;;;;;4898;31;;;;;4894.5;21.50390625
0;4100;PEARLS;10000;5;9996;2;9995;22;10002;4;10004;2;10005;22;10001.0;55.0
0;4100;BANANAS;4892;24;;;;;4897;4;4899;24;;;4894.5;19.9482421875
0;4200;PEARLS;10002;5;9996;1;9995;28;10004;1;10005;28;;;10003.0;55.0
0;4200;BANANAS;4893;1;4892;28;;;4899;29;;;;;4896.0;19.4697265625
0;4300;PEARLS;9995;26;;;;;10002;8;10005;26;;;9998.5;65.0
0;4300;BANANAS;4892;26;;;;;4897;8;4899;26;;;4894.5;35.88671875
0;4400;PEARLS;9995;28;;;;;10005;28;;;;;10000.0;65.0
0;4400;BANANAS;4892;28;;;;;4899;28;;;;;4895.5;35.171875
0;4500;PEARLS;9995;26;;;;;10005;26;;;;;10000.0;65.0
0;4500;BANANAS;4892;26;;;;;4899;26;;;;;4895.5;34.796875
0;4600;PEARLS;9995;21;;;;;10005;21;;;;;10000.0;65.0
0;4600;BANANAS;4892;21;;;;;4899;21;;;;;4895.5;35.56640625
0;4700;PEARLS;9998;5;9995;26;;;10005;26;;;;;10001.5;65.0
0;4700;BANANAS;4893;5;4892;26;;;4899;26;;;;;4896.0;36.078125
0;4800;PEARLS;9996;1;9995;22;;;10004;1;10005;22;;;10000.0;65.0
0;4800;BANANAS;4898;1;4893;1;4892;22;4899;23;;;;;4898.5;34.55078125
0;4900;PEARLS;9996;2;9995;22;;;10004;2;10005;22;;;10000.0;65.0
0;4900;BANANAS;4893;24;;;;;4899;24;;;;;4896.0;35.5625
0;5000;PEARLS;9998;9;9996;1;9995;30;10004;1;10005;30;;;10001.0;65.0
0;5000;BANANAS;4893;10;4892;30;;;4899;31;;;;;4896.0;49.587890625
0;5100;PEARLS;9995;26;;;;;10005;26;;;;;10000.0;65.0
0;5100;BANANAS;4893;26;;;;;4899;26;;;;;4896.0;48.9296875
0;5200;PEARLS;10000;5;9998;7;9996;2;10004;2;10005;23;;;10002.0;65.0
0;5200;BANANAS;4894;7;4893;25;;;4900;25;;;;;4897.0;47.748046875
0;5300;BANANAS;4893;22;;;;;4900;22;;;;;4896.5;47.125
0;5300;PEARLS;9995;22;;;;;9998;12;10005;22;;;9996.5;65.0
0;5400;BANANAS;4894;30;;;;;4901;30;;;;;4897.5;44.2685546875
0;5400;PEARLS;9995;30;;;;;10005;30;;;;;10000.0;89.0
0;5500;PEARLS;9996;1;9995;28;;;10004;1;10005;28;;;10000.0;93.0
0;5500;BANANAS;4895;1;4894;28;;;4901;29;;;;;4898.0;71.15625
0;5600;PEARLS;9998;2;9996;2;9995;23;10004;2;10005;23;;;10001.0;99.0
0;5600;BANANAS;4896;2;4895;25;;;4901;2;4902;23;;;4898.5;63.96875
0;5700;BANANAS;4899;4;4895;31;;;4901;31;;;;;4900.0;67.4296875
0;5700;PEARLS;9996;1;9995;30;;;10004;1;10005;30;;;10000.0;99.0
0;5800;BANANAS;4894;30;;;;;4897;2;4901;30;;;4895.5;77.796875
0;5800;PEARLS;9996;2;9995;28;;;10004;2;10005;28;;;10000.0;99.0
0;5900;PEARLS;9996;2;9995;21;;;10004;2;10005;21;;;10000.0;99.0
0;5900;BANANAS;4895;23;;;;;4901;23;;;;;4898.0;73.25
0;6000;PEARLS;9995;30;;;;;10002;10;10005;30;;;9998.5;99.0
0;6000;BANANAS;4894;30;;;;;4899;10;4901;30;;;4896.5;75.625
0;6100;BANANAS;4895;1;4894;24;;;4901;25;;;;;4898.0;76.9453125
0;6100;PEARLS;9996;1;9995;24;;;10004;1;10005;24;;;10000.0;99.0
0;6200;BANANAS;4900;1;4895;4;4894;29;4901;30;;;;;4900.5;77.1328125
0;6200;PEARLS;9998;3;9996;1;9995;29;10004;1;10005;29;;;10001.0;99.0
0;6300;PEARLS;9995;22;;;;;10005;22;;;;;10000.0;99.0
0;6300;BANANAS;4894;22;;;;;4897;3;4901;22;;;4895.5;86.6953125
0;6400;PEARLS;9996;1;9995;23;;;10002;6;10004;1;10005;23;9999.0;99.0
0;6400;BANANAS;4894;24;;;;;4897;2;4899;6;4901;24;4895.5;86.0625
0;6500;BANANAS;4894;22;;;;;4901;22;;;;;4897.5;84.546875
0;6500;PEARLS;9995;22;;;;;10005;22;;;;;10000.0;99.0
0;6600;BANANAS;4894;29;;;;;4901;29;;;;;4897.5;87.29296875
0;6600;PEARLS;9996;2;9995;27;;;10004;2;10005;27;;;10000.0;99.0
0;6700;PEARLS;9996;1;9995;30;;;10004;1;10005;30;;;10000.0;99.0
0;6700;BANANAS;4894;31;;;;;4900;1;4901;30;;;4897.0;89.29296875
0;6800;PEARLS;10000;5;9996;2;9995;29;10004;2;10005;29;;;10002.0;102.0
0;6800;BANANAS;4893;30;;;;;4899;2;4900;29;;;4896.0;104.8125
0;6900;PEARLS;9996;2;9995;27;;;10004;2;10005;27;;;10000.0;102.0
0;6900;BANANAS;4893;29;;;;;4900;29;;;;;4896.5;101.9765625
0;7000;PEARLS;9996;1;9995;30;;;10004;1;10005;30;;;10000.0;102.0
0;7000;BANANAS;4894;1;4893;30;;;4900;31;;;;;4897.0;97.4765625
0;7100;PEARLS;9996;1;9995;30;;;9998;5;10002;7;10004;1;9997.0;102.0
0;7100;BANANAS;4893;31;;;;;4898;7;4900;31;;;4895.5;100.0078125
0;7200;PEARLS;9996;1;9995;22;;;10002;1;10004;1;10005;22;9999.0;112.0
0;7200;BANANAS;4893;23;;;;;4898;2;4899;1;4900;22;4895.5;104.8203125
0;7300;PEARLS;9996;1;9995;25;;;10004;1;10005;25;;;10000.0;112.0
0;7300;BANANAS;4893;26;;;;;4900;26;;;;;4896.5;103.7421875
0;7400;PEARLS;10002;1;9995;22;;;10005;22;;;;;10003.5;112.0
0;7400;BANANAS;4894;22;;;;;4901;22;;;;;4897.5;92.78125
0;7500;PEARLS;9995;29;;;;;10005;29;;;;;10000.0;114.0
0;7500;BANANAS;4894;29;;;;;4901;29;;;;;4897.5;86.34375
0;7600;PEARLS;10002;1;9995;27;;;10005;27;;;;;10003.5;114.0
0;7600;BANANAS;4894;27;;;;;4901;27;;;;;4897.5;83.7578125
0;7700;PEARLS;9996;1;9995;25;;;10002;5;10004;1;10005;25;9999.0;116.0
0;7700;BANANAS;4894;26;;;;;4899;5;4901;26;;;4896.5;85.703125
0;7800;PEARLS;9995;23;;;;;10005;23;;;;;10000.0;116.0
0;7800;BANANAS;4894;23;;;;;4901;23;;;;;4897.5;84.53125
0;7900;PEARLS;9996;2;9995;22;;;10002;7;10004;2;10005;22;9999.0;116.0
0;7900;BANANAS;4895;24;;;;;4900;7;4901;2;4902;22;4897.5;79.59375
0;8000;PEARLS;10000;3;9996;2;9995;28;10004;2;10005;28;;;10002.0;116.0
0;8000;BANANAS;4901;1;4896;30;;;4902;30;;;;;4901.5;66.65625
0;8100;PEARLS;9995;25;;;;;10005;25;;;;;10000.0;116.0
0;8100;BANANAS;4896;25;;;;;4902;25;;;;;4899.0;68.09375
0;8200;PEARLS;9996;2;9995;25;;;10004;2;10005;25;;;10000.0;116.0
0;8200;BANANAS;4899;4;4896;27;;;4903;27;;;;;4901.0;58.8203125
0;8300;PEARLS;9998;9;9995;28;;;10005;28;;;;;10001.5;119.0
0;8300;BANANAS;4897;9;4896;28;;;4903;28;;;;;4900.0;52.5859375
0;8400;PEARLS;9998;5;9995;29;;;10005;29;;;;;10001.5;119.0
0;8400;BANANAS;4898;5;4897;29;;;4904;29;;;;;4901.0;47.3828125
0;8500;PEARLS;9996;2;9995;25;;;10004;2;10005;25;;;10000.0;119.0
0;8500;BANANAS;4901;3;4897;2;4896;25;4903;27;;;;;4902.0;53.453125
0;8600;PEARLS;9996;2;9995;27;;;10004;2;10005;27;;;10000.0;119.0
0;8600;BANANAS;4896;29;;;;;4903;29;;;;;4899.5;64.890625
0;8700;PEARLS;9996;2;9995;22;;;10004;2;10005;22;;;10000.0;119.0
0;8700;BANANAS;4901;1;4896;24;;;4903;24;;;;;4902.0;61.578125
0;8800;PEARLS;9996;1;9995;30;;;10004;1;10005;30;;;10000.0;119.0
0;8800;BANANAS;4896;31;;;;;4902;1;4903;30;;;4899.0;67.453125
0;8900;PEARLS;9995;26;;;;;10005;26;;;;;10000.0;119.0
0;8900;BANANAS;4896;26;;;;;4903;26;;;;;4899.5;68.9609375
0;9000;PEARLS;9995;23;;;;;10005;23;;;;;10000.0;119.0
0;9000;BANANAS;4895;23;;;;;4902;23;;;;;4898.5;74.8984375
0;9100;PEARLS;9995;22;;;;;9998;1;10005;22;;;9996.5;119.0
0;9100;BANANAS;4896;22;;;;;4897;5;4903;22;;;4896.5;62.9453125
0;9200;PEARLS;9996;2;9995;25;;;10004;2;10005;25;;;10000.0;121.0
0;9200;BANANAS;4896;27;;;;;4903;27;;;;;4899.5;74.6875
0;9300;PEARLS;10002;11;9998;1;9996;1;10004;1;10005;29;;;10003.0;121.0
0;9300;BANANAS;4896;2;4895;29;;;4902;30;;;;;4899.0;82.9609375
0;9400;PEARLS;10002;1;9996;2;9995;28;10004;2;10005;28;;;10003.0;143.0
0;9400;BANANAS;4895;30;;;;;4902;30;;;;;4898.5;87.2265625
0;9500;PEARLS;10002;1;9996;2;9995;24;10004;2;10005;24;;;10003.0;145.0
0;9500;BANANAS;4896;26;;;;;4902;2;4903;24;;;4899.0;79.09375
0;9600;PEARLS;9996;1;9995;20;;;10002;6;10004;1;10005;20;9999.0;147.0
0;9600;BANANAS;4896;21;;;;;4900;6;4902;21;;;4898.0;80.6640625
0;9700;BANANAS;4896;31;;;;;4902;1;4903;30;;;4899.0;78.4296875
0;9700;PEARLS;9996;1;9995;30;;;10000;4;10004;1;10005;30;9998.0;147.0
0;9800;PEARLS;9998;1;9996;2;9995;24;10004;2;10005;24;;;10001.0;147.0
0;9800;BANANAS;4896;1;4895;26;;;4902;26;;;;;4899.0;85.59375
0;9900;BANANAS;4895;24;;;;;4896;9;4902;24;;;4895.5;84.375
0;9900;PEARLS;9995;24;;;;;10005;24;;;;;10000.0;147.0
0;10000;PEARLS;9995;27;;;;;10005;27;;;;;10000.0;147.0
0;10000;BANANAS;4895;27;;;;;4902;27;;;;;4898.5;110.619140625
0;10100;BANANAS;4895;21;;;;;4902;21;;;;;4898.5;110.07421875
0;10100;PEARLS;10002;4;9996;1;9995;20;10004;1;10005;20;;;10003.0;147.0
0;10200;PEARLS;9995;20;;;;;10005;20;;;;;10000.0;155.0
0;10200;BANANAS;4895;20;;;;;4902;20;;;;;4898.5;112.66796875
0;10300;BANANAS;4895;25;;;;;4901;1;4902;24;;;4898.0;112.4296875
0;10300;PEARLS;9996;1;9995;24;;;10004;1;10005;24;;;10000.0;155.0
0;10400;PEARLS;9995;25;;;;;10005;25;;;;;10000.0;158.0
0;10400;BANANAS;4895;25;;;;;4902;25;;;;;4898.5;112.71484375
0;10500;BANANAS;4895;26;;;;;4901;26;;;;;4898.0;115.83203125
0;10500;PEARLS;9995;26;;;;;10005;26;;;;;10000.0;158.0
0;10600;PEARLS;9995;20;;;;;10005;20;;;;;10000.0;158.0
0;10600;BANANAS;4895;20;;;;;4902;20;;;;;4898.5;113.4453125
0;10700;BANANAS;4895;24;;;;;4902;24;;;;;4898.5;114.50390625
0;10700;PEARLS;9995;24;;;;;9998;3;10005;24;;;9996.5;158.0
0;10800;PEARLS;9995;23;;;;;10002;1;10005;23;;;9998.5;164.0
0;10800;BANANAS;4895;23;;;;;4900;1;4902;23;;;4897.5;113.91015625
0;10900;BANANAS;4895;1;4894;22;;;4901;23;;;;;4898.0;117.6640625
0;10900;PEARLS;9996;1;9995;22;;;10000;6;10004;1;10005;22;9998.0;164.0
0;11000;PEARLS;9996;1;9995;26;;;10004;1;10005;26;;;10000.0;164.0
0;11000;BANANAS;4894;27;;;;;4895;9;4900;1;4901;26;4894.5;121.64453125
0;11100;BANANAS;4894;31;;;;;4899;1;4900;1;4901;30;4896.5;141.189453125
0;11100;PEARLS;9996;1;9995;30;;;10002;1;10004;1;10005;30;9999.0;164.0
0;11200;PEARLS;9996;2;9995;28;;;10004;2;10005;28;;;10000.0;164.0
0;11200;BANANAS;4894;30;;;;;4901;30;;;;;4897.5;141.95703125
0;11300;PEARLS;9996;2;9995;25;;;10002;2;10004;2;10005;25;9999.0;164.0
0;11300;BANANAS;4894;27;;;;;4899;2;4900;2;4901;25;4896.5;141.14453125
0;11400;PEARLS;9995;30;;;;;10005;30;;;;;10000.0;164.0
0;11400;BANANAS;4894;30;;;;;4901;30;;;;;4897.5;141.4296875
0;11500;PEARLS;9996;1;9995;28;;;10004;1;10005;28;;;10000.0;164.0
0;11500;BANANAS;4894;1;4893;28;;;4900;29;;;;;4897.0;140.40625
0;11600;PEARLS;9996;2;9995;22;;;10004;2;10005;22;;;10000.0;164.0
0;11600;BANANAS;4893;2;4892;22;;;4899;24;;;;;4896.0;138.8447265625
0;11700;PEARLS;10000;4;9996;2;9995;20;10004;2;10005;20;;;10002.0;164.0
0;11700;BANANAS;4893;22;;;;;4899;2;4900;20;;;4896.0;139.3828125
0;11800;PEARLS;9998;10;9996;1;9995;21;10004;1;10005;21;;;10001.0;164.0
0;11800;BANANAS;4894;10;4893;22;;;4900;22;;;;;4897.0;139.8623046875
0;11900;PEARLS;10002;1;10000;4;9998;1;10004;1;10005;22;;;10003.0;164.0
0;11900;BANANAS;4894;1;4893;23;;;4900;23;;;;;4897.0;140.046875
0;12000;PEARLS;9996;1;9995;27;;;10004;1;10005;27;;;10000.0;166.0
0;12000;BANANAS;4893;28;;;;;4900;28;;;;;4896.5;139.9697265625
0;12100;PEARLS;9996;2;9995;23;;;9998;8;10004;2;10005;23;9997.0;166.0
0;12100;BANANAS;4894;2;4893;23;;;4900;25;;;;;4897.0;140.5791015625
0;12200;PEARLS;9996;2;9995;23;;;10004;2;10005;23;;;10000.0;182.0
0;12200;BANANAS;4894;2;4893;23;;;4900;25;;;;;4897.0;140.513671875
0;12300;PEARLS;9996;1;9995;24;;;10002;3;10004;1;10005;24;9999.0;182.0
0;12300;BANANAS;4893;25;;;;;4898;3;4900;25;;;4895.5;140.1318359375
0;12400;PEARLS;10002;1;9998;5;9995;29;10005;29;;;;;10003.5;182.0
0;12400;BANANAS;4894;5;4893;29;;;4900;29;;;;;4897.0;139.578125
0;12500;PEARLS;10000;3;9996;1;9995;22;10004;1;10005;22;;;10002.0;184.0
0;12500;BANANAS;4892;23;;;;;4899;23;;;;;4895.5;137.7021484375
0;12600;PEARLS;10000;4;9995;26;;;10005;26;;;;;10002.5;184.0
0;12600;BANANAS;4892;26;;;;;4899;26;;;;;4895.5;137.5361328125
0;12700;PEARLS;10002;1;9996;1;9995;27;10004;1;10005;27;;;10003.0;184.0
0;12700;BANANAS;4892;28;;;;;4897;1;4899;28;;;4894.5;137.9228515625
0;12800;PEARLS;10000;4;9996;2;9995;28;10002;9;10004;2;10005;28;10001.0;186.0
0;12800;BANANAS;4892;30;;;;;4896;9;4898;30;;;4894.0;136.880859375
0;12900;PEARLS;9996;2;9995;21;;;10002;4;10004;2;10005;21;9999.0;186.0
0;12900;BANANAS;4892;23;;;;;4897;4;4898;2;4899;21;4894.5;137.1953125
0;13000;PEARLS;9996;2;9995;30;;;10002;2;10004;2;10005;30;9999.0;186.0
0;13000;BANANAS;4892;32;;;;;4897;2;4899;32;;;4894.5;138.1845703125
0;13100;PEARLS;9995;21;;;;;10000;2;10005;21;;;9997.5;186.0
0;13100;BANANAS;4892;21;;;;;4899;21;;;;;4895.5;137.9345703125
0;13200;PEARLS;9998;9;9996;2;9995;29;10004;2;10005;29;;;10001.0;186.0
0;13200;BANANAS;4897;1;4893;9;4892;31;4899;31;;;;;4898.0;137.81640625
0;13300;PEARLS;10002;2;9996;1;9995;22;10004;1;10005;22;;;10003.0;186.0
0;13300;BANANAS;4893;1;4892;22;;;4899;23;;;;;4896.0;139.8603515625
0;13400;PEARLS;9995;26;;;;;10005;26;;;;;10000.0;190.0
0;13400;BANANAS;4893;26;;;;;4900;26;;;;;4896.5;140.4833984375
0;13500;PEARLS;9996;1;9995;24;;;10004;1;10005;24;;;10000.0;190.0
0;13500;BANANAS;4897;5;4893;25;;;4900;25;;;;;4898.5;140.490234375
0;13600;PEARLS;9996;2;9995;24;;;10002;6;10004;2;10005;24;9999.0;190.0
0;13600;BANANAS;4893;26;;;;;4898;6;4899;2;4900;24;4895.5;144.5703125
0;13700;PEARLS;10002;1;9995;28;;;10005;28;;;;;10003.5;190.0
0;13700;BANANAS;4897;2;4893;28;;;4899;28;;;;;4898.0;144.974609375
0;13800;PEARLS;9998;1;9995;23;;;10005;23;;;;;10001.5;192.0
0;13800;BANANAS;4894;1;4893;23;;;4900;23;;;;;4897.0;146.548828125
0;13900;PEARLS;9996;1;9995;20;;;10004;1;10005;20;;;10000.0;192.0
0;13900;BANANAS;4893;21;;;;;4900;21;;;;;4896.5;144.615234375
0;14000;PEARLS;10002;6;9998;1;9996;1;10004;1;10005;28;;;10003.0;192.0
0;14000;BANANAS;4894;30;;;;;4900;29;;;;;4897.0;141.26953125
0;14100;PEARLS;9996;2;9995;20;;;10002;4;10004;2;10005;20;9999.0;204.0
0;14100;BANANAS;4894;2;4893;20;;;4898;4;4900;22;;;4896.0;143.927734375
0;14200;PEARLS;9995;21;;;;;10005;21;;;;;10000.0;204.0
0;14200;BANANAS;4893;21;;;;;4900;21;;;;;4896.5;143.576171875
0;14300;BANANAS;4898;2;4894;22;;;4900;22;;;;;4899.0;142.8984375
0;14300;PEARLS;9996;1;9995;21;;;10004;1;10005;21;;;10000.0;204.0
0;14400;BANANAS;4894;22;;;;;4901;23;;;;;4897.5;141.9375
0;14400;PEARLS;10002;4;9996;2;9995;21;10004;2;10005;21;;;10003.0;204.0
0;14500;PEARLS;9996;1;9995;28;;;10002;10;10004;1;10005;28;9999.0;212.0
0;14500;BANANAS;4893;29;;;;;4898;10;4900;29;;;4895.5;151.15234375
0;14600;PEARLS;9996;1;9995;27;;;10004;1;10005;27;;;10000.0;212.0
0;14600;BANANAS;4893;28;;;;;4894;11;4900;28;;;4893.5;151.267578125
0;14700;BANANAS;4893;24;;;;;4900;24;;;;;4896.5;178.4765625
0;14700;PEARLS;9996;1;9995;23;;;10004;1;10005;23;;;10000.0;212.0
0;14800;BANANAS;4894;1;4893;30;;;4896;4;4900;31;;;4895.0;180.62890625
0;14800;PEARLS;9996;1;9995;30;;;9998;1;10004;1;10005;30;9997.0;212.0
0;14900;PEARLS;9996;1;9995;25;;;10002;1;10004;1;10005;25;9999.0;214.0
0;14900;BANANAS;4893;26;;;;;4898;1;4900;26;;;4895.5;180.953125
0;15000;PEARLS;9996;2;9995;25;;;10004;2;10005;25;;;10000.0;214.0
0;15000;BANANAS;4893;27;;;;;4894;1;4900;27;;;4893.5;182.64453125
0;15100;BANANAS;4894;21;;;;;4900;1;4901;20;;;4897.0;191.2734375
0;15100;PEARLS;9996;1;9995;20;;;9998;1;10004;1;10005;20;9997.0;214.0
0;15200;BANANAS;4894;2;4893;21;;;4898;1;4900;23;;;4896.0;187.79296875
0;15200;PEARLS;10000;4;9996;2;9995;21;10002;4;10004;2;10005;21;10001.0;216.0
0;15300;PEARLS;9996;2;9995;22;;;10002;7;10004;2;10005;22;9999.0;216.0
0;15300;BANANAS;4893;24;;;;;4898;7;4900;24;;;4895.5;182.671875
0;15400;PEARLS;9995;30;;;;;10005;30;;;;;10000.0;216.0
0;15400;BANANAS;4893;30;;;;;4899;30;;;;;4896.0;177.546875
0;15500;BANANAS;4892;25;;;;;4899;25;;;;;4895.5;202.09326171875
0;15500;PEARLS;9995;25;;;;;9998;11;10005;25;;;9996.5;216.0
0;15600;BANANAS;4892;23;;;;;4899;23;;;;;4895.5;202.59765625
0;15600;PEARLS;9996;1;9995;22;;;10004;1;10005;22;;;10000.0;238.0
0;15700;PEARLS;9996;2;9995;28;;;10004;2;10005;28;;;10000.0;238.0
0;15700;BANANAS;4892;30;;;;;4899;30;;;;;4895.5;202.3466796875
0;15800;PEARLS;9998;6;9996;2;9995;26;10004;2;10005;26;;;10001.0;238.0
0;15800;BANANAS;4893;6;4892;28;;;4899;28;;;;;4896.0;202.45751953125
0;15900;PEARLS;9996;1;9995;20;;;10002;8;10004;1;10005;20;9999.0;244.0
0;15900;BANANAS;4892;21;;;;;4897;8;4899;21;;;4894.5;207.0458984375
0;16000;PEARLS;9996;2;9995;20;;;10004;2;10005;20;;;10000.0;244.0
0;16000;BANANAS;4892;22;;;;;4893;7;4899;22;;;4892.5;207.1796875
0;16100;PEARLS;9996;1;9995;26;;;10004;1;10005;26;;;10000.0;244.0
0;16100;BANANAS;4893;27;;;;;4899;1;4900;26;;;4896.0;227.732421875
0;16200;PEARLS;9995;27;;;;;10002;4;10005;27;;;9998.5;244.0
0;16200;BANANAS;4893;27;;;;;4894;1;4898;7;4900;27;4893.5;229.38671875
0;16300;PEARLS;9996;1;9995;21;;;10004;1;10005;21;;;10000.0;244.0
0;16300;BANANAS;4893;1;4892;21;;;4899;22;;;;;4896.0;228.150390625
0;16400;PEARLS;9996;2;9995;25;;;10002;6;10004;2;10005;25;9999.0;250.0
0;16400;BANANAS;4893;27;;;;;4898;6;4899;2;4900;25;4895.5;230.310546875
0;16500;PEARLS;9995;22;;;;;10005;22;;;;;10000.0;250.0
0;16500;BANANAS;4893;22;;;;;4900;22;;;;;4896.5;230.681640625
0;16600;PEARLS;9995;26;;;;;10005;26;;;;;10000.0;250.0
0;16600;BANANAS;4893;26;;;;;4900;26;;;;;4896.5;229.515625
0;16700;PEARLS;10002;1;9998;2;9995;25;10005;25;;;;;10003.5;250.0
0;16700;BANANAS;4894;2;4893;25;;;4900;25;;;;;4897.0;231.0546875
0;16800;PEARLS;10000;2;9996;2;9995;25;10004;2;10005;25;;;10002.0;252.0
0;16800;BANANAS;4893;27;;;;;4900;27;;;;;4896.5;232.322265625
0;16900;PEARLS;9996;2;9995;22;;;10004;2;10005;22;;;10000.0;252.0
0;16900;BANANAS;4894;2;4893;22;;;4900;24;;;;;4897.0;233.09765625
0;17000;PEARLS;9996;1;9995;25;;;10004;1;10005;25;;;10000.0;252.0
0;17000;BANANAS;4894;1;4893;25;;;4900;26;;;;;4897.0;232.87109375
0;17100;PEARLS;9996;1;9995;26;;;10004;1;10005;26;;;10000.0;252.0
0;17100;BANANAS;4894;1;4893;26;;;4900;27;;;;;4897.0;232.65234375
0;17200;PEARLS;9996;1;9995;27;;;10004;1;10005;27;;;10000.0;252.0
0;17200;BANANAS;4893;28;;;;;4900;28;;;;;4896.5;231.958984375
0;17300;PEARLS;9996;1;9995;27;;;10004;1;10005;27;;;10000.0;252.0
0;17300;BANANAS;4894;28;;;;;4900;28;;;;;4897.0;233.83984375
0;17400;PEARLS;9995;25;;;;;9998;11;10005;25;;;9996.5;252.0
0;17400;BANANAS;4893;25;;;;;4900;25;;;;;4896.5;231.412109375
0;17500;PEARLS;9996;2;9995;26;;;10004;2;10005;26;;;10000.0;274.0
0;17500;BANANAS;4894;28;;;;;4900;2;4901;26;;;4897.0;238.5537109375
0;17600;PEARLS;9996;1;9995;29;;;10004;1;10005;29;;;10000.0;274.0
0;17600;BANANAS;4895;1;4894;29;;;4901;30;;;;;4898.0;240.3203125
0;17700;PEARLS;9998;2;9995;22;;;10005;22;;;;;10001.5;274.0
0;17700;BANANAS;4895;2;4894;22;;;4901;22;;;;;4898.0;240.0
0;17800;PEARLS;9996;2;9995;30;;;9998;3;10002;5;10004;2;9997.0;274.0
0;17800;BANANAS;4894;32;;;;;4899;5;4901;32;;;4896.5;239.958984375
0;17900;PEARLS;9995;21;;;;;9998;1;10002;3;10005;21;9996.5;276.0
0;17900;BANANAS;4894;21;;;;;4899;2;4901;21;;;4896.5;240.345703125
0;18000;PEARLS;9995;24;;;;;10005;24;;;;;10000.0;276.0
0;18000;BANANAS;4895;24;;;;;4901;24;;;;;4898.0;241.1259765625
0;18100;PEARLS;9996;2;9995;28;;;10004;2;10005;28;;;10000.0;276.0
0;18100;BANANAS;4895;30;;;;;4901;2;4902;28;;;4898.0;241.330078125
0;18200;PEARLS;9996;2;9995;23;;;10002;10;10004;2;10005;23;9999.0;276.0
0;18200;BANANAS;4895;2;4894;23;;;4899;10;4901;25;;;4897.0;240.6630859375
0;18300;PEARLS;9995;20;;;;;10005;20;;;;;10000.0;285.0
0;18300;BANANAS;4894;20;;;;;4901;20;;;;;4897.5;239.43359375
0;18400;PEARLS;9996;1;9995;21;;;10004;1;10005;21;;;10000.0;285.0
0;18400;BANANAS;4899;1;4894;22;;;4900;1;4901;21;;;4899.5;238.91015625
0;18500;PEARLS;9996;2;9995;21;;;10004;2;10005;21;;;10000.0;285.0
0;18500;BANANAS;4899;1;4894;2;4893;21;4900;23;;;;;4899.5;239.6865234375
0;18600;PEARLS;9996;1;9995;21;;;10004;1;10005;21;;;10000.0;285.0
0;18600;BANANAS;4894;1;4893;21;;;4900;22;;;;;4897.0;241.919921875
0;18700;BANANAS;4894;30;;;;;4901;30;;;;;4897.5;242.1533203125
0;18700;PEARLS;10002;1;9995;30;;;10005;30;;;;;10003.5;285.0
0;18800;PEARLS;9995;24;;;;;10002;7;10005;24;;;9998.5;287.0
0;18800;BANANAS;4895;24;;;;;4899;7;4901;24;;;4897.0;242.97412109375
0;18900;BANANAS;4899;8;4894;25;;;4901;25;;;;;4900.0;242.68994140625
0;18900;PEARLS;10002;1;9995;25;;;10005;25;;;;;10003.5;287.0
0;19000;PEARLS;9996;1;9995;30;;;10004;1;10005;30;;;10000.0;289.0
0;19000;BANANAS;4894;31;;;;;4901;31;;;;;4897.5;255.4765625
0;19100;BANANAS;4894;23;;;;;4900;2;4901;21;;;4897.0;255.87109375
0;19100;PEARLS;9996;2;9995;21;;;10004;2;10005;21;;;10000.0;289.0
0;19200;PEARLS;9995;26;;;;;10002;1;10005;26;;;9998.5;289.0
0;19200;BANANAS;4894;26;;;;;4899;1;4901;26;;;4896.5;256.8359375
0;19300;BANANAS;4894;4;4893;23;;;4900;25;;;;;4897.0;258.88671875
0;19300;PEARLS;9996;2;9995;23;;;9998;6;10004;2;10005;23;9997.0;289.0
0;19400;PEARLS;9996;2;9995;24;;;10002;5;10004;2;10005;24;9999.0;301.0
0;19400;BANANAS;4894;26;;;;;4899;5;4900;2;4901;24;4896.5;289.296875
0;19500;BANANAS;4894;23;;;;;4901;23;;;;;4897.5;290.04296875
0;19500;PEARLS;9995;23;;;;;10005;23;;;;;10000.0;301.0
0;19600;PEARLS;10002;1;9998;5;9996;1;10004;1;10005;26;;;10003.0;301.0
0;19600;BANANAS;4894;27;;;;;4895;4;4900;1;4901;26;4894.5;289.59375
0;19700;BANANAS;4894;2;4893;29;;;4900;31;;;;;4897.0;292.9296875
0;19700;PEARLS;9996;2;9995;29;;;10004;2;10005;29;;;10000.0;303.0
0;19800;PEARLS;9996;2;9995;26;;;10004;2;10005;26;;;10000.0;303.0
0;19800;BANANAS;4893;28;;;;;4899;2;4900;26;;;4896.0;287.33984375
0;19900;BANANAS;4893;23;;;;;4899;1;4900;22;;;4896.0;287.3671875
0;19900;PEARLS;9996;1;9995;22;;;9998;1;10004;1;10005;22;9997.0;303.0
0;20000;PEARLS;9995;26;;;;;9998;1;10005;26;;;9996.5;305.0
0;20000;BANANAS;4893;26;;;;;4894;12;4900;26;;;4893.5;286.30859375
0;20100;PEARLS;9996;1;9995;29;;;9998;4;10004;1;10005;29;9997.0;307.0
0;20100;BANANAS;4893;1;4892;29;;;4899;30;;;;;4896.0;294.28125
0;20200;PEARLS;10002;1;9995;20;;;10005;20;;;;;10003.5;315.0
0;20200;BANANAS;4893;20;;;;;4900;20;;;;;4896.5;301.734375
0;20300;PEARLS;10002;4;9995;24;;;10005;24;;;;;10003.5;317.0
0;20300;BANANAS;4893;24;;;;;4899;24;;;;;4896.0;299.125
0;20400;PEARLS;10002;2;9996;1;9995;27;10004;1;10005;27;;;10003.0;325.0
0;20400;BANANAS;4893;1;4892;27;;;4899;28;;;;;4896.0;298.2109375
0;20500;PEARLS;9998;7;9996;1;9995;25;10004;1;10005;25;;;10001.0;329.0
0;20500;BANANAS;4893;8;4892;25;;;4899;26;;;;;4896.0;298.59375
0;20600;PEARLS;9996;1;9995;24;;;9998;4;10002;5;10004;1;9997.0;329.0
0;20600;BANANAS;4892;25;;;;;4897;5;4899;25;;;4894.5;288.1953125
0;20700;PEARLS;9995;30;;;;;10005;30;;;;;10000.0;337.0
0;20700;BANANAS;4892;30;;;;;4899;30;;;;;4895.5;283.921875
0;20800;PEARLS;9996;2;9995;24;;;10004;2;10005;24;;;10000.0;337.0
0;20800;BANANAS;4891;26;;;;;4898;26;;;;;4894.5;266.71875
0;20900;PEARLS;9996;2;9995;29;;;10004;2;10005;29;;;10000.0;337.0
0;20900;BANANAS;4891;31;;;;;4892;1;4898;31;;;4891.5;272.0703125
0;21000;PEARLS;9996;1;9995;25;;;10004;1;10005;25;;;10000.0;337.0
0;21000;BANANAS;4891;26;;;;;4892;13;4894;5;4897;1;4891.5;265.9375
0;21100;PEARLS;9995;28;;;;;10000;2;10005;28;;;9997.5;337.0
0;21100;BANANAS;4890;28;;;;;4897;28;;;;;4893.5;257.25
0;21200;PEARLS;9995;29;;;;;9998;1;10005;29;;;9996.5;337.0
0;21200;BANANAS;4896;1;4890;29;;;4897;29;;;;;4896.5;252.546875
0;21300;PEARLS;9995;22;;;;;10005;22;;;;;10000.0;339.0
0;21300;BANANAS;4891;22;;;;;4897;22;;;;;4894.0;263.0546875
0;21400;PEARLS;9996;1;9995;29;;;10004;1;10005;29;;;10000.0;339.0
0;21400;BANANAS;4891;30;;;;;4897;1;4898;29;;;4894.0;266.171875
0;21500;PEARLS;9996;2;9995;28;;;10004;2;10005;28;;;10000.0;339.0
0;21500;BANANAS;4892;2;4891;28;;;4898;30;;;;;4895.0;277.0234375
0;21600;PEARLS;9998;5;9996;2;9995;20;10004;2;10005;20;;;10001.0;339.0
0;21600;BANANAS;4896;1;4893;5;4892;22;4899;22;;;;;4897.5;287.1328125
0;21700;PEARLS;9996;2;9995;25;;;10004;2;10005;25;;;10000.0;339.0
0;21700;BANANAS;4892;27;;;;;4899;27;;;;;4895.5;289.71875
0;21800;PEARLS;9996;1;9995;25;;;10004;1;10005;25;;;10000.0;339.0
0;21800;BANANAS;4893;1;4892;25;;;4899;26;;;;;4896.0;296.1484375
0;21900;PEARLS;9995;27;;;;;10002;3;10005;27;;;9998.5;339.0
0;21900;BANANAS;4892;27;;;;;4897;3;4899;27;;;4894.5;295.4296875
0;22000;PEARLS;9996;2;9995;20;;;10004;2;10005;20;;;10000.0;339.0
0;22000;BANANAS;4892;2;4891;20;;;4898;22;;;;;4895.0;279.4609375
0;22100;PEARLS;9995;22;;;;;10005;22;;;;;10000.0;339.0
0;22100;BANANAS;4897;1;4892;22;;;4899;22;;;;;4898.0;283.515625
0;22200;PEARLS;10002;1;9995;23;;;10005;23;;;;;10003.5;339.0
0;22200;BANANAS;4892;23;;;;;4899;23;;;;;4895.5;287.0078125
0;22300;PEARLS;9996;2;9995;28;;;10004;2;10005;28;;;10000.0;341.0
0;22300;BANANAS;4892;30;;;;;4898;30;;;;;4895.0;285.03125
0;22400;PEARLS;9996;1;9995;23;;;10002;2;10004;1;10005;23;9999.0;341.0
0;22400;BANANAS;4891;24;;;;;4896;3;4898;24;;;4893.5;277.5859375
0;22500;PEARLS;9998;2;9995;27;;;10005;27;;;;;10001.5;341.0
0;22500;BANANAS;4897;1;4892;2;4891;27;4898;27;;;;;4897.5;278.921875
0;22600;PEARLS;9998;5;9996;1;9995;25;10004;1;10005;25;;;10001.0;341.0
0;22600;BANANAS;4896;1;4892;5;4891;26;4897;1;4898;25;;;4896.5;274.640625
0;22700;PEARLS;9996;1;9995;25;;;10002;9;10004;1;10005;25;9999.0;341.0
0;22700;BANANAS;4891;26;;;;;4896;9;4898;26;;;4893.5;280.5078125
0;22800;PEARLS;10002;1;9996;1;9995;26;10004;1;10005;26;;;10003.0;341.0
0;22800;BANANAS;4892;1;4891;26;;;4898;27;;;;;4895.0;284.4375
0;22900;PEARLS;10002;2;9996;1;9995;22;10004;1;10005;22;;;10003.0;343.0
0;22900;BANANAS;4891;22;;;;;4898;23;;;;;4894.5;296.921875
0;23000;BANANAS;4891;21;;;;;4896;2;4897;1;4898;20;4893.5;291.6953125
0;23000;PEARLS;9996;1;9995;20;;;10002;2;10004;1;10005;20;9999.0;347.0
0;23100;PEARLS;9996;2;9995;26;;;10004;2;10005;26;;;10000.0;347.0
0;23100;BANANAS;4891;28;;;;;4897;2;4898;26;;;4894.0;291.8671875
0;23200;PEARLS;9996;1;9995;24;;;10002;4;10004;1;10005;24;9999.0;347.0
0;23200;BANANAS;4891;24;;;;;4896;4;4897;1;4898;24;4893.5;291.29296875
0;23300;BANANAS;4891;23;;;;;4893;4;4897;23;;;4892.0;289.94140625
0;23300;PEARLS;9996;2;9995;21;;;10004;2;10005;21;;;10000.0;347.0
0;23400;BANANAS;4891;30;;;;;4898;30;;;;;4894.5;298.38671875
0;23400;PEARLS;9996;1;9995;29;;;10004;1;10005;29;;;10000.0;347.0
0;23500;PEARLS;9996;1;9995;30;;;10004;1;10005;30;;;10000.0;347.0
0;23500;BANANAS;4896;1;4891;31;;;4898;31;;;;;4897.0;301.2109375
0;23600;PEARLS;9996;2;9995;25;;;10004;2;10005;25;;;10000.0;347.0
0;23600;BANANAS;4890;27;;;;;4891;1;4897;27;;;4890.5;291.390625
0;23700;BANANAS;4896;1;4891;1;4890;20;4897;21;;;;;4896.5;297.6484375
0;23700;PEARLS;9996;1;9995;20;;;10004;1;10005;20;;;10000.0;347.0
0;23800;BANANAS;4891;22;;;;;4898;22;;;;;4894.5;304.25
0;23800;PEARLS;9995;22;;;;;10005;22;;;;;10000.0;347.0
0;23900;PEARLS;9995;27;;;;;10005;27;;;;;10000.0;347.0
0;23900;BANANAS;4891;27;;;;;4897;27;;;;;4894.0;300.765625
0;24000;PEARLS;9995;29;;;;;10005;29;;;;;10000.0;347.0
0;24000;BANANAS;4890;29;;;;;4897;29;;;;;4893.5;300.1953125
0;24100;BANANAS;4890;22;;;;;4897;22;;;;;4893.5;296.0859375
0;24100;PEARLS;9996;2;9995;20;;;10004;2;10005;20;;;10000.0;347.0
0;24200;BANANAS;4891;24;;;;;4895;7;4897;24;;;4893.0;301.3359375
0;24200;PEARLS;9996;1;9995;23;;;10002;7;10004;1;10005;23;9999.0;347.0
0;24300;PEARLS;10002;1;9995;27;;;10005;27;;;;;10003.5;347.0
0;24300;BANANAS;4890;27;;;;;4891;1;4897;27;;;4890.5;297.63671875
0;24400;PEARLS;9996;1;9995;28;;;10004;1;10005;28;;;10000.0;349.0
0;24400;BANANAS;4890;29;;;;;4897;29;;;;;4893.5;297.38671875
0;24500;PEARLS;9996;2;9995;24;;;10002;10;10004;2;10005;24;9999.0;349.0
0;24500;BANANAS;4890;26;;;;;4895;10;4896;2;4897;24;4892.5;341.3515625
0;24600;PEARLS;9996;2;9995;22;;;10002;10;10004;2;10005;22;9999.0;349.0
0;24600;BANANAS;4890;24;;;;;4892;2;4894;10;4896;24;4891.0;342.146484375
0;24700;PEARLS;9996;2;9995;20;;;10004;2;10005;20;;;10000.0;349.0
0;24700;BANANAS;4893;6;4890;22;;;4896;2;4897;20;;;4894.5;343.62890625
0;24800;PEARLS;9995;28;;;;;10005;28;;;;;10000.0;349.0
0;24800;BANANAS;4889;28;;;;;4892;1;4896;28;;;4890.5;344.875
0;24900;PEARLS;9998;7;9995;24;;;10005;24;;;;;10001.5;349.0
0;24900;BANANAS;4890;7;4889;24;;;4896;24;;;;;4893.0;345.30517578125
0;25000;PEARLS;10002;1;9996;1;9995;27;10004;1;10005;27;;;10003.0;349.0
0;25000;BANANAS;4889;28;;;;;4896;28;;;;;4892.5;345.38623046875
0;25100;PEARLS;9998;8;9996;1;9995;26;10004;1;10005;26;;;10001.0;351.0
0;25100;BANANAS;4894;1;4890;9;4889;27;4896;27;;;;;4895.0;345.38623046875
0;25200;PEARLS;9996;2;9995;24;;;10000;4;10004;2;10005;24;9998.0;351.0
0;25200;BANANAS;4890;26;;;;;4896;26;;;;;4893.0;345.962890625
0;25300;PEARLS;9998;9;9996;1;9995;21;10004;1;10005;21;;;10001.0;351.0
0;25300;BANANAS;4890;10;4889;21;;;4896;22;;;;;4893.0;346.521484375
0;25400;PEARLS;10002;3;9996;2;9995;27;10004;2;10005;27;;;10003.0;351.0
0;25400;BANANAS;4889;29;;;;;4896;29;;;;;4892.5;347.26171875
0;25500;PEARLS;9996;1;9995;23;;;10004;1;10005;23;;;10000.0;357.0
0;25500;BANANAS;4889;24;;;;;4896;24;;;;;4892.5;347.248046875
0;25600;PEARLS;9995;24;;;;;10005;24;;;;;10000.0;357.0
0;25600;BANANAS;4889;24;;;;;4895;24;;;;;4892.0;347.978515625
0;25700;PEARLS;9996;1;9995;24;;;10004;1;10005;24;;;10000.0;357.0
0;25700;BANANAS;4889;25;;;;;4895;1;4896;24;;;4892.0;347.7431640625
0;25800;PEARLS;10002;1;9996;2;9995;27;10004;2;10005;27;;;10003.0;357.0
0;25800;BANANAS;4889;29;;;;;4895;29;;;;;4892.0;347.9091796875
0;25900;PEARLS;9996;2;9995;27;;;10004;2;10005;27;;;10000.0;359.0
0;25900;BANANAS;4888;29;;;;;4895;29;;;;;4891.5;348.681640625
0;26000;PEARLS;9995;27;;;;;10005;27;;;;;10000.0;365.0
0;26000;BANANAS;4894;1;4888;27;;;4895;27;;;;;4894.5;353.5
0;26100;PEARLS;10002;1;9998;3;9996;1;10004;1;10005;24;;;10003.0;365.0
0;26100;BANANAS;4894;1;4889;4;4888;24;4895;25;;;;;4894.5;355.28125
0;26200;PEARLS;10002;1;9996;2;9995;27;10004;2;10005;27;;;10003.0;367.0
0;26200;BANANAS;4891;3;4888;29;;;4894;2;4895;27;;;4892.5;361.244140625
0;26300;PEARLS;9996;1;9995;25;;;10002;1;10004;1;10005;25;9999.0;369.0
0;26300;BANANAS;4888;26;;;;;4889;1;4893;5;4895;26;4888.5;358.96484375
0;26400;PEARLS;9995;27;;;;;10005;27;;;;;10000.0;369.0
0;26400;BANANAS;4888;27;;;;;4895;27;;;;;4891.5;363.416015625
0;26500;PEARLS;9996;1;9995;21;;;10004;1;10005;21;;;10000.0;369.0
0;26500;BANANAS;4888;22;;;;;4895;22;;;;;4891.5;361.736328125
0;26600;PEARLS;9996;2;9995;29;;;9998;4;10004;2;10005;29;9997.0;369.0
0;26600;BANANAS;4888;31;;;;;4894;2;4895;29;;;4891.0;363.58203125
0;26700;PEARLS;9995;26;;;;;10005;26;;;;;10000.0;377.0
0;26700;BANANAS;4893;1;4888;26;;;4895;26;;;;;4894.0;363.626953125
0;26800;PEARLS;10002;1;9998;7;9995;20;10005;20;;;;;10003.5;377.0
0;26800;BANANAS;4889;7;4888;20;;;4895;20;;;;;4892.0;365.4765625
0;26900;PEARLS;9995;22;;;;;10005;22;;;;;10000.0;379.0
0;26900;BANANAS;4888;22;;;;;4895;22;;;;;4891.5;361.634765625
0;27000;PEARLS;9998;2;9996;1;9995;26;10004;1;10005;26;;;10001.0;379.0
0;27000;BANANAS;4890;2;4889;27;;;4892;5;4895;27;;;4891.0;359.712890625
0;27100;PEARLS;9996;2;9995;27;;;9998;1;10002;10;10004;2;9997.0;379.0
0;27100;BANANAS;4889;2;4888;27;;;4893;9;4895;29;;;4891.0;360.80859375
0;27200;PEARLS;9998;3;9996;2;9995;23;10004;2;10005;23;;;10001.0;381.0
0;27200;BANANAS;4894;1;4890;3;4889;25;4895;25;;;;;4894.5;359.8125
0;27300;PEARLS;9995;25;;;;;10002;8;10005;25;;;9998.5;381.0
0;27300;BANANAS;4889;24;;;;;4893;8;4895;25;;;4891.0;361.98828125
0;27400;PEARLS;9996;1;9995;22;;;9998;3;10004;1;10005;22;9997.0;381.0
0;27400;BANANAS;4889;23;;;;;4895;23;;;;;4892.0;362.1875
0;27500;BANANAS;4888;30;;;;;4895;30;;;;;4891.5;364.2421875
0;27500;PEARLS;9995;30;;;;;10005;30;;;;;10000.0;387.0
0;27600;PEARLS;9996;2;9995;26;;;10002;4;10004;2;10005;26;9999.0;387.0
0;27600;BANANAS;4888;28;;;;;4893;3;4895;28;;;4890.5;383.015625
0;27700;BANANAS;4888;32;;;;;4895;32;;;;;4891.5;383.34375
0;27700;PEARLS;9996;2;9995;30;;;10004;2;10005;30;;;10000.0;387.0
0;27800;PEARLS;9998;2;9996;2;9995;20;10004;2;10005;20;;;10001.0;387.0
0;27800;BANANAS;4889;5;4888;22;;;4894;2;4895;20;;;4891.5;389.7890625
0;27900;BANANAS;4888;29;;;;;4895;29;;;;;4891.5;388.8515625
0;27900;PEARLS;9995;29;;;;;10005;29;;;;;10000.0;387.0
0;28000;PEARLS;9995;22;;;;;10005;22;;;;;10000.0;387.0
0;28000;BANANAS;4888;22;;;;;4894;22;;;;;4891.0;392.046875
0;28100;BANANAS;4888;21;;;;;4895;21;;;;;4891.5;385.34375
0;28100;PEARLS;9996;1;9995;20;;;10004;1;10005;20;;;10000.0;387.0
0;28200;PEARLS;9995;23;;;;;10005;23;;;;;10000.0;396.0
0;28200;BANANAS;4887;23;;;;;4890;1;4894;23;;;4888.5;396.546875
0;28300;BANANAS;4888;30;;;;;4894;30;;;;;4891.0;394.2734375
0;28300;PEARLS;9996;2;9995;28;;;10004;2;10005;28;;;10000.0;396.0
0;28400;PEARLS;9995;20;;;;;10002;8;10005;20;;;9998.5;396.0
0;28400;BANANAS;4887;20;;;;;4892;8;4894;20;;;4889.5;401.828125
0;28500;BANANAS;4887;30;;;;;4888;1;4894;30;;;4887.5;400.8359375
0;28500;PEARLS;9996;2;9995;28;;;10004;2;10005;28;;;10000.0;396.0
0;28600;PEARLS;9996;2;9995;26;;;10000;5;10002;5;10004;2;9998.0;396.0
0;28600;BANANAS;4887;28;;;;;4888;1;4892;5;4894;28;4887.5;403.5703125
0;28700;BANANAS;4888;7;4887;24;;;4893;2;4894;22;;;4890.5;410.8671875
0;28700;PEARLS;9998;8;9996;2;9995;22;10004;2;10005;22;;;10001.0;396.0
0;28800;PEARLS;9995;21;;;;;10002;8;10005;21;;;9998.5;396.0
0;28800;BANANAS;4886;21;;;;;4891;8;4893;21;;;4888.5;414.546875
0;28900;BANANAS;4887;23;;;;;4892;5;4893;1;4894;22;4889.5;410.671875
0;28900;PEARLS;9996;1;9995;22;;;10002;5;10004;1;10005;22;9999.0;396.0
0;29000;PEARLS;10002;1;9996;2;9995;24;10004;2;10005;24;;;10003.0;396.0
0;29000;BANANAS;4887;26;;;;;4893;2;4894;24;;;4890.0;408.9609375
0;29100;PEARLS;9995;23;;;;;10002;2;10005;23;;;9998.5;398.0
0;29100;BANANAS;4887;23;;;;;4892;2;4894;23;;;4889.5;408.7421875
0;29200;PEARLS;9996;1;9995;22;;;10004;1;10005;22;;;10000.0;398.0
0;29200;BANANAS;4887;23;;;;;4894;23;;;;;4890.5;405.140625
0;29300;PEARLS;9996;1;9995;22;;;10004;1;10005;22;;;10000.0;398.0
0;29300;BANANAS;4893;1;4888;1;4887;22;4894;23;;;;;4893.5;402.35546875
0;29400;PEARLS;9996;2;9995;23;;;10002;4;10004;2;10005;23;9999.0;398.0
0;29400;BANANAS;4888;2;4887;23;;;4892;5;4894;25;;;4890.0;403.90625
0;29500;PEARLS;9998;6;9995;20;;;10005;20;;;;;10001.5;398.0
0;29500;BANANAS;4889;5;4888;20;;;4894;20;;;;;4891.5;402.05859375
0;29600;PEARLS;9996;1;9995;26;;;10000;4;10004;1;10005;26;9998.0;398.0
0;29600;BANANAS;4888;1;4887;26;;;4894;27;;;;;4891.0;404.5
0;29700;PEARLS;9996;1;9995;22;;;10002;7;10004;1;10005;22;9999.0;398.0
0;29700;BANANAS;4888;23;;;;;4892;7;4894;23;;;4890.0;402.75390625
0;29800;PEARLS;9995;25;;;;;10005;25;;;;;10000.0;398.0
0;29800;BANANAS;4893;1;4887;25;;;4894;25;;;;;4893.5;406.703125
0;29900;PEARLS;9996;2;9995;30;;;10004;2;10005;30;;;10000.0;418.0
0;29900;BANANAS;4887;32;;;;;4894;32;;;;;4890.5;409.2734375
0;30000;PEARLS;9998;10;9996;2;9995;23;10004;2;10005;23;;;10001.0;418.0
0;30000;BANANAS;4888;10;4887;25;;;4894;25;;;;;4891.0;412.2265625
0;30100;PEARLS;9996;1;9995;20;;;10004;1;10005;20;;;10000.0;418.0
0;30100;BANANAS;4887;21;;;;;4894;21;;;;;4890.5;412.359375
0;30200;PEARLS;9996;2;9995;28;;;9998;1;10002;8;10004;2;9997.0;418.0
0;30200;BANANAS;4887;30;;;;;4889;2;4892;8;4894;30;4888.0;412.5234375
0;30300;PEARLS;10002;4;9996;2;9995;29;10004;2;10005;29;;;10003.0;420.0
0;30300;BANANAS;4888;2;4887;29;;;4894;31;;;;;4891.0;412.7734375
0;30400;PEARLS;9995;30;;;;;10005;30;;;;;10000.0;428.0
0;30400;BANANAS;4887;30;;;;;4894;30;;;;;4890.5;412.51953125
0;30500;PEARLS;9996;2;9995;28;;;10004;2;10005;28;;;10000.0;428.0
0;30500;BANANAS;4887;30;;;;;4893;2;4894;28;;;4890.0;418.98828125
0;30600;PEARLS;10002;1;9996;2;9995;30;10004;2;10005;30;;;10003.0;428.0
0;30600;BANANAS;4887;2;4886;30;;;4893;32;;;;;4890.0;424.359375
0;30700;PEARLS;9996;2;9995;27;;;10004;2;10005;27;;;10000.0;430.0
0;30700;BANANAS;4887;29;;;;;4893;29;;;;;4890.0;422.34765625
0;30800;PEARLS;9998;8;9996;2;9995;29;10004;2;10005;29;;;10001.0;430.0
0;30800;BANANAS;4888;8;4887;31;;;4893;31;;;;;4890.5;423.09375
0;30900;PEARLS;9995;21;;;;;10005;21;;;;;10000.0;430.0
0;30900;BANANAS;4886;21;;;;;4893;21;;;;;4889.5;425.1953125
0;31000;PEARLS;9996;2;9995;26;;;10002;2;10004;2;10005;26;9999.0;430.0
0;31000;BANANAS;4887;28;;;;;4892;2;4893;2;4894;26;4889.5;421.87109375
0;31100;PEARLS;10002;1;9995;23;;;10005;23;;;;;10003.5;431.0
0;31100;BANANAS;4892;1;4887;23;;;4893;23;;;;;4892.5;423.5
0;31200;PEARLS;9996;1;9995;21;;;10002;6;10004;1;10005;21;9999.0;433.0
0;31200;BANANAS;4886;21;;;;;4891;7;4893;22;;;4888.5;427.515625
0;31300;PEARLS;9996;2;9995;20;;;10004;2;10005;20;;;10000.0;441.0
0;31300;BANANAS;4887;2;4886;20;;;4893;22;;;;;4890.0;427.328125
0;31400;PEARLS;9995;22;;;;;10005;22;;;;;10000.0;441.0
0;31400;BANANAS;4887;22;;;;;4892;3;4894;22;;;4889.5;421.1875
0;31500;PEARLS;9996;1;9995;21;;;10004;1;10005;21;;;10000.0;441.0
0;31500;BANANAS;4887;22;;;;;4894;22;;;;;4890.5;416.5390625
0;31600;PEARLS;9995;24;;;;;9998;3;10005;24;;;9996.5;441.0
0;31600;BANANAS;4888;24;;;;;4894;24;;;;;4891.0;410.09375
0;31700;PEARLS;9995;29;;;;;10002;3;10005;29;;;9998.5;447.0
0;31700;BANANAS;4887;29;;;;;4892;4;4894;29;;;4889.5;414.265625
0;31800;PEARLS;9996;2;9995;22;;;10002;2;10004;2;10005;22;9999.0;459.0
0;31800;BANANAS;4887;24;;;;;4892;2;4894;24;;;4889.5;416.4140625
0;31900;BANANAS;4888;2;4887;26;;;4894;28;;;;;4891.0;412.109375
0;31900;PEARLS;9996;2;9995;26;;;10004;2;10005;26;;;10000.0;459.0
0;32000;BANANAS;4887;22;;;;;4891;10;4893;22;;;4889.0;426.28125
0;32000;PEARLS;9996;2;9995;20;;;10002;10;10004;2;10005;20;9999.0;459.0
0;32100;PEARLS;9998;9;9995;25;;;10005;25;;;;;10001.5;459.0
0;32100;BANANAS;4888;9;4887;25;;;4894;25;;;;;4891.0;419.453125
0;32200;PEARLS;9996;1;9995;24;;;10002;5;10004;1;10005;24;9999.0;461.0
0;32200;BANANAS;4887;1;4886;24;;;4891;5;4893;25;;;4889.0;430.8671875
0;32300;BANANAS;4886;32;;;;;4892;2;4893;30;;;4889.0;438.3671875
0;32300;PEARLS;10000;3;9996;2;9995;30;10004;2;10005;30;;;10002.0;461.0
0;32400;BANANAS;4886;2;4885;29;;;4892;29;;;;;4889.0;451.6875
0;32400;PEARLS;9998;2;9995;29;;;10005;29;;;;;10001.5;461.0
0;32500;PEARLS;10002;1;9996;2;9995;24;10004;2;10005;24;;;10003.0;461.0
0;32500;BANANAS;4885;26;;;;;4892;26;;;;;4888.5;465.64453125
0;32600;PEARLS;9998;1;9996;2;9995;26;10004;2;10005;26;;;10001.0;463.0
0;32600;BANANAS;4886;1;4885;28;;;4891;2;4892;26;;;4888.5;465.7880859375
0;32700;BANANAS;4886;32;;;;;4892;32;;;;;4889.0;465.044921875
0;32700;PEARLS;9996;2;9995;30;;;10004;2;10005;30;;;10000.0;463.0
0;32800;BANANAS;4885;29;;;;;4892;29;;;;;4888.5;465.1689453125
0;32800;PEARLS;9995;29;;;;;10005;29;;;;;10000.0;463.0
0;32900;PEARLS;9996;1;9995;20;;;10002;10;10004;1;10005;20;9999.0;463.0
0;32900;BANANAS;4886;1;4885;20;;;4890;10;4892;21;;;4888.0;465.18017578125
0;33000;PEARLS;9998;2;9995;28;;;10005;28;;;;;10001.5;463.0
0;33000;BANANAS;4886;2;4885;28;;;4892;28;;;;;4889.0;465.34033203125
0;33100;BANANAS;4885;1;4884;25;;;4891;26;;;;;4888.0;477.9921875
0;33100;PEARLS;9996;1;9995;25;;;10004;1;10005;25;;;10000.0;463.0
0;33200;BANANAS;4889;1;4884;24;;;4890;1;4891;23;;;4889.5;471.2578125
0;33200;PEARLS;9996;1;9995;23;;;10004;1;10005;23;;;10000.0;463.0
0;33300;PEARLS;9996;1;9995;30;;;10002;1;10004;1;10005;30;9999.0;463.0
0;33300;BANANAS;4885;31;;;;;4890;1;4891;1;4892;30;4887.5;486.859375
0;33400;PEARLS;9995;20;;;;;10005;20;;;;;10000.0;463.0
0;33400;BANANAS;4885;20;;;;;4892;20;;;;;4888.5;488.75
0;33500;PEARLS;9996;2;9995;21;;;10002;4;10004;2;10005;21;9999.0;463.0
0;33500;BANANAS;4886;2;4885;21;;;4890;4;4892;23;;;4888.0;493.8515625
0;33600;PEARLS;9995;27;;;;;9998;2;10005;27;;;9996.5;463.0
0;33600;BANANAS;4884;27;;;;;4891;27;;;;;4887.5;480.390625
0;33700;PEARLS;9996;1;9995;25;;;10004;1;10005;25;;;10000.0;467.0
0;33700;BANANAS;4885;1;4884;25;;;4891;26;;;;;4888.0;478.7890625
0;33800;PEARLS;9995;21;;;;;10002;4;10005;21;;;9998.5;467.0
0;33800;BANANAS;4884;21;;;;;4889;4;4891;21;;;4886.5;477.6875
0;33900;PEARLS;9996;1;9995;27;;;10004;1;10005;27;;;10000.0;467.0
0;33900;BANANAS;4884;28;;;;;4891;28;;;;;4887.5;483.0
0;34000;PEARLS;9996;2;9995;28;;;10004;2;10005;28;;;10000.0;491.0
0;34000;BANANAS;4890;1;4885;2;4884;28;4891;30;;;;;4890.5;483.0
0;34100;PEARLS;9996;2;9995;25;;;10004;2;10005;25;;;10000.0;491.0
0;34100;BANANAS;4885;2;4884;25;;;4891;27;;;;;4888.0;485.16455078125
0;34200;PEARLS;9996;2;9995;30;;;10002;2;10004;2;10005;30;9999.0;491.0
0;34200;BANANAS;4885;2;4884;30;;;4889;3;4891;32;;;4887.0;485.12841796875
0;34300;PEARLS;9996;1;9995;28;;;10004;1;10005;28;;;10000.0;491.0
0;34300;BANANAS;4884;28;;;;;4891;29;;;;;4887.5;485.18212890625
0;34400;PEARLS;9996;2;9995;28;;;10004;2;10005;28;;;10000.0;491.0
0;34400;BANANAS;4884;30;;;;;4890;2;4891;28;;;4887.0;485.78564453125
0;34500;PEARLS;9996;2;9995;22;;;10004;2;10005;22;;;10000.0;491.0
0;34500;BANANAS;4884;24;;;;;4891;24;;;;;4887.5;485.595703125
0;34600;PEARLS;9995;24;;;;;10005;24;;;;;10000.0;491.0
0;34600;BANANAS;4884;24;;;;;4891;24;;;;;4887.5;485.62890625
0;34700;PEARLS;9996;2;9995;23;;;10004;2;10005;23;;;10000.0;491.0
0;34700;BANANAS;4884;25;;;;;4891;25;;;;;4887.5;485.322265625
0;34800;PEARLS;9998;3;9996;2;9995;22;10004;2;10005;22;;;10001.0;491.0
0;34800;BANANAS;4885;5;4884;22;;;4886;4;4891;24;;;4885.5;485.19970703125
0;34900;PEARLS;9995;24;;;;;10005;24;;;;;10000.0;491.0
0;34900;BANANAS;4884;24;;;;;4891;24;;;;;4887.5;491.03125
0;35000;PEARLS;9995;29;;;;;10005;29;;;;;10000.0;491.0
0;35000;BANANAS;4884;29;;;;;4891;29;;;;;4887.5;492.4345703125
0;35100;PEARLS;9996;2;9995;21;;;10004;2;10005;21;;;10000.0;491.0
0;35100;BANANAS;4884;23;;;;;4890;23;;;;;4887.0;490.025390625
0;35200;PEARLS;9995;24;;;;;10005;24;;;;;10000.0;491.0
0;35200;BANANAS;4886;2;4883;24;;;4890;24;;;;;4888.0;488.79296875
0;35300;PEARLS;9998;8;9996;1;9995;22;10004;1;10005;22;;;10001.0;491.0
0;35300;BANANAS;4884;8;4883;23;;;4890;23;;;;;4887.0;489.0068359375
0;35400;PEARLS;10002;1;9996;2;9995;25;10004;2;10005;25;;;10003.0;491.0
0;35400;BANANAS;4886;2;4883;27;;;4890;27;;;;;4888.0;488.794921875
0;35500;PEARLS;9996;2;9995;27;;;10004;2;10005;27;;;10000.0;493.0
0;35500;BANANAS;4883;29;;;;;4890;29;;;;;4886.5;488.1044921875
0;35600;PEARLS;9996;1;9995;23;;;10002;3;10004;1;10005;23;9999.0;493.0
0;35600;BANANAS;4883;24;;;;;4887;3;4889;24;;;4885.0;486.927734375
0;35700;PEARLS;9996;2;9995;29;;;10002;9;10004;2;10005;29;9999.0;493.0
0;35700;BANANAS;4883;31;;;;;4888;9;4889;2;4890;29;4885.5;487.671875
0;35800;PEARLS;9996;2;9995;21;;;10004;2;10005;21;;;10000.0;493.0
0;35800;BANANAS;4883;23;;;;;4889;23;;;;;4886.0;486.796875
0;35900;PEARLS;9996;2;9995;28;;;10004;2;10005;28;;;10000.0;493.0
0;35900;BANANAS;4883;30;;;;;4889;30;;;;;4886.0;486.8505859375
0;36000;PEARLS;9995;30;;;;;10000;2;10002;9;10005;30;9997.5;493.0
0;36000;BANANAS;4883;30;;;;;4888;9;4890;30;;;4885.5;487.978515625
0;36100;PEARLS;9998;7;9996;2;9995;21;10004;2;10005;21;;;10001.0;493.0
0;36100;BANANAS;4884;9;4883;21;;;4890;23;;;;;4887.0;489.123046875
0;36200;PEARLS;9998;5;9996;1;9995;29;10004;1;10005;29;;;10001.0;493.0
0;36200;BANANAS;4885;5;4884;30;;;4890;1;4891;29;;;4887.5;490.794921875
0;36300;PEARLS;9996;1;9995;30;;;10004;1;10005;30;;;10000.0;493.0
0;36300;BANANAS;4884;31;;;;;4890;31;;;;;4887.0;490.009765625
0;36400;PEARLS;9996;1;9995;28;;;10002;8;10004;1;10005;28;9999.0;493.0
0;36400;BANANAS;4884;29;;;;;4888;8;4890;29;;;4886.0;489.86328125
0;36500;BANANAS;4884;29;;;;;4885;1;4891;29;;;4884.5;491.9072265625
0;36500;PEARLS;9996;2;9995;27;;;10004;2;10005;27;;;10000.0;493.0
0;36600;PEARLS;9996;1;9995;30;;;10000;2;10004;1;10005;30;9998.0;493.0
0;36600;BANANAS;4885;1;4884;30;;;4891;31;;;;;4888.0;495.587890625
0;36700;BANANAS;4885;1;4884;21;;;4891;22;;;;;4888.0;495.646484375
0;36700;PEARLS;10002;1;9996;1;9995;21;10004;1;10005;21;;;10003.0;493.0
0;36800;PEARLS;9996;2;9995;23;;;10004;2;10005;23;;;10000.0;495.0
0;36800;BANANAS;4884;25;;;;;4885;2;4891;25;;;4884.5;493.46484375
0;36900;BANANAS;4885;6;4884;22;;;4891;22;;;;;4888.0;497.671875
0;36900;PEARLS;9998;6;9995;22;;;10005;22;;;;;10001.5;495.0
0;37000;PEARLS;9996;2;9995;20;;;10004;2;10005;20;;;10000.0;495.0
0;37000;BANANAS;4888;4;4884;2;4883;20;4890;22;;;;;4889.0;495.5078125
0;37100;BANANAS;4884;24;;;;;4891;24;;;;;4887.5;500.5595703125
0;37100;PEARLS;10000;5;9995;24;;;10005;24;;;;;10002.5;495.0
0;37200;PEARLS;9996;2;9995;27;;;10004;2;10005;27;;;10000.0;495.0
0;37200;BANANAS;4884;29;;;;;4891;29;;;;;4887.5;500.75
0;37300;BANANAS;4883;23;;;;;4890;23;;;;;4886.5;499.0673828125
0;37300;PEARLS;9996;1;9995;22;;;10004;1;10005;22;;;10000.0;495.0
0;37400;PEARLS;9995;22;;;;;10005;22;;;;;10000.0;504.0
0;37400;BANANAS;4883;22;;;;;4889;22;;;;;4886.0;498.1259765625
0;37500;BANANAS;4883;1;4882;30;;;4889;31;;;;;4886.0;497.6826171875
0;37500;PEARLS;10000;5;9996;1;9995;30;10004;1;10005;30;;;10002.0;504.0
0;37600;PEARLS;9996;1;9995;24;;;10004;1;10005;24;;;10000.0;504.0
0;37600;BANANAS;4888;1;4883;25;;;4889;1;4890;24;;;4888.5;498.169921875
0;37700;BANANAS;4883;20;;;;;4890;20;;;;;4886.5;500.18798828125
0;37700;PEARLS;10002;1;9995;20;;;10005;20;;;;;10003.5;519.0
0;37800;PEARLS;9996;2;9995;23;;;10004;2;10005;23;;;10000.0;521.0
0;37800;BANANAS;4883;25;;;;;4889;2;4890;23;;;4886.0;500.146484375
0;37900;PEARLS;9996;2;9995;27;;;10004;2;10005;27;;;10000.0;524.0
0;37900;BANANAS;4882;29;;;;;4889;29;;;;;4885.5;504.41015625
0;38000;PEARLS;9998;3;9995;30;;;10005;30;;;;;10001.5;524.0
0;38000;BANANAS;4883;3;4882;30;;;4889;30;;;;;4886.0;504.36279296875
0;38100;PEARLS;9998;4;9996;1;9995;28;10004;1;10005;28;;;10001.0;524.0
0;38100;BANANAS;4884;4;4883;29;;;4889;1;4890;28;;;4886.5;503.853515625
0;38200;PEARLS;9998;4;9996;2;9995;29;10004;2;10005;29;;;10001.0;524.0
0;38200;BANANAS;4884;4;4883;31;;;4889;2;4890;29;;;4886.5;503.6904296875
0;38300;PEARLS;9995;22;;;;;10005;22;;;;;10000.0;524.0
0;38300;BANANAS;4883;22;;;;;4890;22;;;;;4886.5;503.49365234375
0;38400;PEARLS;9996;2;9995;29;;;10004;2;10005;29;;;10000.0;524.0
0;38400;BANANAS;4883;31;;;;;4890;31;;;;;4886.5;503.62548828125
0;38500;PEARLS;9996;2;9995;22;;;10004;2;10005;22;;;10000.0;524.0
0;38500;BANANAS;4883;24;;;;;4889;2;4890;22;;;4886.0;503.75
0;38600;PEARLS;10002;1;9996;2;9995;29;10004;2;10005;29;;;10003.0;524.0
0;38600;BANANAS;4883;31;;;;;4890;31;;;;;4886.5;503.64697265625
0;38700;PEARLS;9996;2;9995;20;;;10004;2;10005;20;;;10000.0;526.0
0;38700;BANANAS;4884;21;;;;;4890;2;4891;20;;;4887.0;502.77734375
0;38800;PEARLS;9996;2;9995;25;;;10004;2;10005;25;;;10000.0;526.0
0;38800;BANANAS;4884;27;;;;;4890;2;4891;25;;;4887.0;502.75048828125
0;38900;PEARLS;9996;2;9995;23;;;10004;2;10005;23;;;10000.0;526.0
0;38900;BANANAS;4884;25;;;;;4891;25;;;;;4887.5;502.63720703125
0;39000;PEARLS;9996;1;9995;23;;;10000;3;10004;1;10005;23;9998.0;526.0
0;39000;BANANAS;4884;24;;;;;4890;24;;;;;4887.0;502.9921875
0;39100;PEARLS;9996;2;9995;28;;;9998;3;10004;2;10005;28;9997.0;526.0
0;39100;BANANAS;4884;2;4883;28;;;4890;30;;;;;4887.0;503.220703125
0;39200;PEARLS;9995;21;;;;;10000;4;10005;21;;;9997.5;532.0
0;39200;BANANAS;4883;21;;;;;4889;21;;;;;4886.0;507.0634765625
0;39300;PEARLS;9995;24;;;;;10005;24;;;;;10000.0;532.0
0;39300;BANANAS;4883;24;;;;;4890;24;;;;;4886.5;511.0
0;39400;PEARLS;9995;21;;;;;10005;21;;;;;10000.0;532.0
0;39400;BANANAS;4884;21;;;;;4891;21;;;;;4887.5;511.0
0;39500;PEARLS;9995;29;;;;;10005;29;;;;;10000.0;532.0
0;39500;BANANAS;4884;29;;;;;4891;29;;;;;4887.5;511.0
0;39600;PEARLS;9996;1;9995;30;;;10004;1;10005;30;;;10000.0;532.0
0;39600;BANANAS;4886;2;4884;31;;;4890;31;;;;;4888.0;511.0
0;39700;PEARLS;9996;1;9995;29;;;10000;6;10004;1;10005;29;9998.0;532.0
0;39700;BANANAS;4883;29;;;;;4889;1;4890;29;;;4886.0;511.0
0;39800;PEARLS;9996;2;9995;22;;;9998;1;10004;2;10005;22;9997.0;532.0
0;39800;BANANAS;4883;24;;;;;4890;24;;;;;4886.5;511.0
0;39900;PEARLS;9998;10;9996;1;9995;28;10004;1;10005;28;;;10001.0;534.0
0;39900;BANANAS;4884;11;4883;28;;;4890;29;;;;;4887.0;511.0
0;40000;PEARLS;10002;11;9996;1;9995;25;10004;1;10005;25;;;10003.0;534.0
0;40000;BANANAS;4883;26;;;;;4890;26;;;;;4886.5;511.0
0;40100;PEARLS;9995;30;;;;;10005;30;;;;;10000.0;546.0
0;40100;BANANAS;4886;6;4883;30;;;4890;30;;;;;4888.0;511.0
0;40200;PEARLS;9996;1;9995;24;;;10002;7;10004;1;10005;24;9999.0;546.0
0;40200;BANANAS;4884;25;;;;;4889;7;4890;1;4891;24;4886.5;511.0
0;40300;PEARLS;10002;4;9996;1;9995;29;10004;1;10005;29;;;10003.0;546.0
0;40300;BANANAS;4884;30;;;;;4890;30;;;;;4887.0;511.0
0;40400;PEARLS;9996;2;9995;23;;;10004;2;10005;23;;;10000.0;546.0
0;40400;BANANAS;4884;25;;;;;4891;25;;;;;4887.5;511.0
0;40500;PEARLS;9996;1;9995;21;;;10004;1;10005;21;;;10000.0;546.0
0;40500;BANANAS;4884;22;;;;;4885;5;4890;1;4891;21;4884.5;511.0
0;40600;PEARLS;10002;1;9995;28;;;10005;28;;;;;10003.5;546.0
0;40600;BANANAS;4883;28;;;;;4890;28;;;;;4886.5;519.447265625
0;40700;PEARLS;9998;10;9996;1;9995;29;10004;1;10005;29;;;10001.0;546.0
0;40700;BANANAS;4888;1;4884;10;4883;30;4890;30;;;;;4889.0;517.8046875
0;40800;PEARLS;9995;21;;;;;10005;21;;;;;10000.0;546.0
0;40800;BANANAS;4883;21;;;;;4890;21;;;;;4886.5;520.140625
0;40900;BANANAS;4884;2;4883;25;;;4890;25;;;;;4887.0;520.78515625
0;40900;PEARLS;9998;2;9995;25;;;10005;25;;;;;10001.5;546.0
0;41000;BANANAS;4884;31;;;;;4885;3;4890;21;;;4884.5;521.73046875
0;41000;PEARLS;9998;10;9996;1;9995;20;10000;2;10004;1;10005;20;9999.0;546.0
0;41100;PEARLS;9996;2;9995;23;;;10004;2;10005;23;;;10000.0;546.0
0;41100;BANANAS;4889;7;4884;25;;;4890;2;4891;23;;;4889.5;529.74609375
0;41200;PEARLS;9995;20;;;;;10005;20;;;;;10000.0;546.0
0;41200;BANANAS;4884;20;;;;;4891;20;;;;;4887.5;542.0
0;41300;BANANAS;4884;27;;;;;4891;27;;;;;4887.5;542.0
0;41300;PEARLS;9995;27;;;;;10005;27;;;;;10000.0;546.0
0;41400;BANANAS;4884;30;;;;;4886;5;4891;30;;;4885.0;542.0
0;41400;PEARLS;9996;1;9995;29;;;10004;1;10005;29;;;10000.0;546.0
0;41500;PEARLS;9996;2;9995;29;;;10004;2;10005;29;;;10000.0;546.0
0;41500;BANANAS;4885;31;;;;;4891;2;4892;29;;;4888.0;553.01171875
0;41600;PEARLS;9995;26;;;;;10005;26;;;;;10000.0;546.0
0;41600;BANANAS;4884;26;;;;;4891;26;;;;;4887.5;550.498046875
0;41700;BANANAS;4884;23;;;;;4891;23;;;;;4887.5;548.78515625
0;41700;PEARLS;9995;23;;;;;10005;23;;;;;10000.0;546.0
0;41800;BANANAS;4885;21;;;;;4888;4;4891;1;4892;21;4886.5;552.701171875
0;41800;PEARLS;9996;1;9995;21;;;10004;1;10005;21;;;10000.0;546.0
0;41900;PEARLS;9995;28;;;;;10002;8;10005;28;;;9998.5;546.0
0;41900;BANANAS;4885;28;;;;;4890;8;4892;28;;;4887.5;554.263671875
0;42000;PEARLS;9996;1;9995;27;;;9998;1;10004;1;10005;27;9997.0;546.0
0;42000;BANANAS;4886;28;;;;;4892;28;;;;;4889.0;557.107421875
0;42100;BANANAS;4886;22;;;;;4893;22;;;;;4889.5;558.271484375
0;42100;PEARLS;10002;2;9995;22;;;10005;22;;;;;10003.5;548.0
0;42200;BANANAS;4887;22;;;;;4894;22;;;;;4890.5;563.923828125
0;42200;PEARLS;9995;22;;;;;10005;22;;;;;10000.0;550.0
0;42300;PEARLS;9996;2;9995;20;;;10004;2;10005;20;;;10000.0;550.0
0;42300;BANANAS;4887;22;;;;;4893;2;4894;20;;;4890.0;597.2734375
0;42400;PEARLS;9996;2;9995;26;;;10002;2;10004;2;10005;26;9999.0;550.0
0;42400;BANANAS;4886;28;;;;;4891;2;4893;28;;;4888.5;600.703125
0;42500;PEARLS;9995;24;;;;;10005;24;;;;;10000.0;553.0
0;42500;BANANAS;4886;24;;;;;4893;24;;;;;4889.5;604.849609375
0;42600;PEARLS;9995;28;;;;;10005;28;;;;;10000.0;553.0
0;42600;BANANAS;4891;1;4886;28;;;4892;28;;;;;4891.5;607.2890625
0;42700;PEARLS;9996;1;9995;23;;;10004;1;10005;23;;;10000.0;553.0
0;42700;BANANAS;4886;24;;;;;4893;24;;;;;4889.5;606.578125
0;42800;PEARLS;9995;29;;;;;10000;2;10005;29;;;9997.5;553.0
0;42800;BANANAS;4886;29;;;;;4892;29;;;;;4889.0;609.453125
0;42900;PEARLS;10002;5;9995;20;;;10005;20;;;;;10003.5;553.0
0;42900;BANANAS;4885;20;;;;;4892;20;;;;;4888.5;611.7265625
0;43000;PEARLS;9996;1;9995;26;;;10002;6;10004;1;10005;26;9999.0;555.0
0;43000;BANANAS;4885;27;;;;;4890;6;4891;1;4892;26;4887.5;614.375
0;43100;PEARLS;9998;9;9996;1;9995;24;10004;1;10005;24;;;10001.0;555.0
0;43100;BANANAS;4888;4;4887;9;4886;25;4892;25;;;;;4890.0;609.265625
0;43200;PEARLS;9996;2;9995;29;;;10002;5;10004;2;10005;29;9999.0;555.0
0;43200;BANANAS;4886;31;;;;;4891;5;4892;2;4893;29;4888.5;608.234375
0;43300;PEARLS;9998;10;9995;20;;;10005;20;;;;;10001.5;564.0
0;43300;BANANAS;4892;1;4888;10;4887;20;4894;20;;;;;4893.0;600.58203125
0;43400;PEARLS;9996;2;9995;22;;;10004;2;10005;22;;;10000.0;564.0
0;43400;BANANAS;4887;24;;;;;4893;2;4894;22;;;4890.0;601.609375
0;43500;PEARLS;9996;1;9995;24;;;10002;7;10004;1;10005;24;9999.0;564.0
0;43500;BANANAS;4887;25;;;;;4891;7;4893;25;;;4889.0;604.0
0;43600;PEARLS;9995;22;;;;;10002;5;10005;22;;;9998.5;564.0
0;43600;BANANAS;4886;22;;;;;4891;7;4893;22;;;4888.5;606.63671875
0;43700;PEARLS;9996;1;9995;29;;;10002;6;10004;1;10005;29;9999.0;564.0
0;43700;BANANAS;4885;30;;;;;4890;6;4892;30;;;4887.5;614.671875
0;43800;PEARLS;9996;1;9995;22;;;10004;1;10005;22;;;10000.0;564.0
0;43800;BANANAS;4886;23;;;;;4893;23;;;;;4889.5;607.98828125
0;43900;PEARLS;9996;2;9995;24;;;10002;2;10004;2;10005;24;9999.0;564.0
0;43900;BANANAS;4886;26;;;;;4887;1;4891;6;4893;26;4886.5;608.3515625
0;44000;PEARLS;10002;4;9998;10;9996;2;10004;2;10005;25;;;10003.0;565.0
0;44000;BANANAS;4887;12;4886;25;;;4888;1;4893;27;;;4887.5;609.015625
0;44100;PEARLS;9996;2;9995;22;;;10004;2;10005;22;;;10000.0;569.0
0;44100;BANANAS;4886;24;;;;;4893;24;;;;;4889.5;611.935546875
0;44200;PEARLS;9995;24;;;;;10005;24;;;;;10000.0;569.0
0;44200;BANANAS;4886;24;;;;;4893;24;;;;;4889.5;610.15234375
0;44300;PEARLS;9996;2;9995;24;;;9998;2;10004;2;10005;24;9997.0;569.0
0;44300;BANANAS;4887;26;;;;;4894;26;;;;;4890.5;606.943359375
0;44400;PEARLS;9996;1;9995;25;;;10002;7;10004;1;10005;25;9999.0;573.0
0;44400;BANANAS;4887;26;;;;;4892;7;4893;1;4894;25;4889.5;608.46484375
0;44500;PEARLS;9995;30;;;;;10005;30;;;;;10000.0;573.0
0;44500;BANANAS;4886;30;;;;;4893;30;;;;;4889.5;612.5625
0;44600;PEARLS;9996;1;9995;21;;;10004;1;10005;21;;;10000.0;573.0
0;44600;BANANAS;4886;22;;;;;4893;22;;;;;4889.5;611.28515625
0;44700;PEARLS;9996;2;9995;25;;;10004;2;10005;25;;;10000.0;573.0
0;44700;BANANAS;4891;1;4886;27;;;4893;27;;;;;4892.0;612.2109375
0;44800;PEARLS;9995;25;;;;;10005;25;;;;;10000.0;573.0
0;44800;BANANAS;4887;25;;;;;4894;25;;;;;4890.5;608.9296875
0;44900;PEARLS;9996;2;9995;21;;;10004;2;10005;21;;;10000.0;573.0
0;44900;BANANAS;4887;23;;;;;4894;23;;;;;4890.5;605.9921875
0;45000;PEARLS;9996;1;9995;27;;;10004;1;10005;27;;;10000.0;573.0
0;45000;BANANAS;4887;28;;;;;4888;1;4894;28;;;4887.5;606.046875
0;45100;PEARLS;9995;27;;;;;9998;1;10005;27;;;9996.5;573.0
0;45100;BANANAS;4887;27;;;;;4894;27;;;;;4890.5;609.228515625
0;45200;PEARLS;10002;1;9996;1;9995;20;10004;1;10005;20;;;10003.0;575.0
0;45200;BANANAS;4888;20;;;;;4894;1;4895;20;;;4891.0;605.08203125
0;45300;BANANAS;4888;22;;;;;4895;23;;;;;4891.5;604.880859375
0;45300;PEARLS;9995;23;;;;;10005;23;;;;;10000.0;577.0
0;45400;PEARLS;9998;4;9995;25;;;10005;25;;;;;10001.5;577.0
0;45400;BANANAS;4889;4;4888;25;;;4894;25;;;;;4891.5;605.734375
0;45500;BANANAS;4888;21;;;;;4895;21;;;;;4891.5;615.087890625
0;45500;PEARLS;9996;1;9995;20;;;9998;3;10004;1;10005;20;9997.0;577.0
0;45600;PEARLS;9996;1;9995;23;;;10004;1;10005;23;;;10000.0;583.0
0;45600;BANANAS;4889;1;4888;23;;;4895;24;;;;;4892.0;615.748046875
0;45700;BANANAS;4889;2;4888;21;;;4895;23;;;;;4892.0;615.62890625
0;45700;PEARLS;10002;1;9996;2;9995;21;10004;2;10005;21;;;10003.0;583.0
0;45800;PEARLS;10000;5;9998;7;9996;2;10004;2;10005;30;;;10002.0;585.0
0;45800;BANANAS;4890;2;4889;30;;;4896;32;;;;;4893.0;617.51953125
0;45900;BANANAS;4891;7;4890;26;;;4897;26;;;;;4894.0;619.0673828125
0;45900;PEARLS;9998;8;9996;1;9995;25;10004;1;10005;25;;;10001.0;585.0
0;46000;PEARLS;9995;23;;;;;9998;1;10005;23;;;9996.5;585.0
0;46000;BANANAS;4890;23;;;;;4897;23;;;;;4893.5;619.244140625
0;46100;BANANAS;4891;25;;;;;4898;25;;;;;4894.5;620.265625
0;46100;PEARLS;9995;25;;;;;10005;25;;;;;10000.0;587.0
0;46200;PEARLS;9995;24;;;;;10005;24;;;;;10000.0;587.0
0;46200;BANANAS;4890;24;;;;;4897;24;;;;;4893.5;619.5732421875
0;46300;BANANAS;4890;28;;;;;4897;28;;;;;4893.5;619.2353515625
0;46300;PEARLS;9996;2;9995;26;;;10004;2;10005;26;;;10000.0;587.0
0;46400;PEARLS;9995;24;;;;;10005;24;;;;;10000.0;587.0
0;46400;BANANAS;4895;1;4890;24;;;4897;24;;;;;4896.0;619.052734375
0;46500;BANANAS;4890;30;;;;;4897;30;;;;;4893.5;620.5546875
0;46500;PEARLS;9996;1;9995;29;;;9998;1;10004;1;10005;29;9997.0;587.0
0;46600;PEARLS;9998;1;9995;28;;;10005;28;;;;;10001.5;589.0
0;46600;BANANAS;4895;1;4894;3;4891;1;4897;28;;;;;4896.0;620.31884765625
0;46700;BANANAS;4889;30;;;;;4896;30;;;;;4892.5;622.0
0;46700;PEARLS;9996;1;9995;29;;;10004;1;10005;29;;;10000.0;589.0
0;46800;PEARLS;9995;25;;;;;10005;25;;;;;10000.0;589.0
0;46800;BANANAS;4890;25;;;;;4897;25;;;;;4893.5;622.0
0;46900;PEARLS;9996;1;9995;29;;;10002;3;10004;1;10005;29;9999.0;589.0
0;46900;BANANAS;4890;1;4889;29;;;4894;3;4896;30;;;4892.0;622.0
0;47000;PEARLS;9996;1;9995;22;;;10004;1;10005;22;;;10000.0;589.0
0;47000;BANANAS;4890;1;4889;22;;;4896;23;;;;;4893.0;622.0
0;47100;PEARLS;9995;22;;;;;9998;1;10005;22;;;9996.5;589.0
0;47100;BANANAS;4889;22;;;;;4896;22;;;;;4892.5;622.0
0;47200;PEARLS;9996;2;9995;21;;;10004;2;10005;21;;;10000.0;591.0
0;47200;BANANAS;4895;1;4889;23;;;4896;23;;;;;4895.5;622.0
0;47300;PEARLS;9995;21;;;;;10005;21;;;;;10000.0;591.0
0;47300;BANANAS;4890;21;;;;;4896;21;;;;;4893.0;624.046875
0;47400;PEARLS;9998;7;9995;22;;;10005;22;;;;;10001.5;591.0
0;47400;BANANAS;4891;8;4890;22;;;4896;22;;;;;4893.5;624.04150390625
0;47500;PEARLS;9996;1;9995;21;;;9998;1;10004;1;10005;21;9997.0;591.0
0;47500;BANANAS;4890;22;;;;;4896;22;;;;;4893.0;624.0498046875
0;47600;PEARLS;9998;5;9995;21;;;10005;21;;;;;10001.5;593.0
0;47600;BANANAS;4890;5;4889;21;;;4896;21;;;;;4893.0;624.2431640625
0;47700;PEARLS;9998;1;9995;23;;;10005;23;;;;;10001.5;593.0
0;47700;BANANAS;4891;1;4890;23;;;4897;23;;;;;4894.0;623.88818359375
0;47800;PEARLS;9995;20;;;;;10005;20;;;;;10000.0;593.0
0;47800;BANANAS;4890;20;;;;;4897;20;;;;;4893.5;623.62646484375
0;47900;PEARLS;9995;23;;;;;10005;23;;;;;10000.0;593.0
0;47900;BANANAS;4890;23;;;;;4897;23;;;;;4893.5;623.6845703125
0;48000;PEARLS;10002;2;9996;1;9995;26;10004;1;10005;26;;;10003.0;593.0
0;48000;BANANAS;4890;27;;;;;4895;1;4897;27;;;4892.5;623.6259765625
0;48100;PEARLS;9996;1;9995;29;;;10004;1;10005;29;;;10000.0;597.0
0;48100;BANANAS;4890;30;;;;;4897;30;;;;;4893.5;623.46826171875
0;48200;PEARLS;9996;1;9995;26;;;10004;1;10005;26;;;10000.0;597.0
0;48200;BANANAS;4890;26;;;;;4897;27;;;;;4893.5;623.60009765625
0;48300;PEARLS;9998;4;9996;1;9995;20;10004;1;10005;20;;;10001.0;597.0
0;48300;BANANAS;4895;1;4891;4;4890;21;4897;21;;;;;4896.0;623.68798828125
0;48400;PEARLS;9996;2;9995;30;;;10004;2;10005;30;;;10000.0;597.0
0;48400;BANANAS;4889;32;;;;;4896;32;;;;;4892.5;626.6259765625
0;48500;PEARLS;9995;29;;;;;10005;29;;;;;10000.0;597.0
0;48500;BANANAS;4894;10;4889;29;;;4896;29;;;;;4895.0;626.7607421875
0;48600;PEARLS;9996;1;9995;26;;;10004;1;10005;26;;;10000.0;597.0
0;48600;BANANAS;4889;27;;;;;4896;27;;;;;4892.5;641.58984375
0;48700;PEARLS;9996;1;9995;22;;;10000;2;10004;1;10005;22;9998.0;597.0
0;48700;BANANAS;4889;23;;;;;4896;23;;;;;4892.5;641.984375
0;48800;PEARLS;9996;1;9995;28;;;10004;1;10005;28;;;10000.0;597.0
0;48800;BANANAS;4890;29;;;;;4896;29;;;;;4893.0;635.91796875
0;48900;PEARLS;9995;22;;;;;10005;22;;;;;10000.0;597.0
0;48900;BANANAS;4890;21;;;;;4897;22;;;;;4893.5;634.3984375
0;49000;PEARLS;9996;1;9995;28;;;10004;1;10005;28;;;10000.0;597.0
0;49000;BANANAS;4890;29;;;;;4896;1;4897;28;;;4893.0;635.0078125
0;49100;PEARLS;9995;30;;;;;10005;30;;;;;10000.0;603.0
0;49100;BANANAS;4890;30;;;;;4897;30;;;;;4893.5;630.85546875
0;49200;PEARLS;10002;3;9996;1;9995;25;10004;1;10005;25;;;10003.0;603.0
0;49200;BANANAS;4890;26;;;;;4897;26;;;;;4893.5;628.109375
0;49300;PEARLS;9998;3;9995;29;;;10005;29;;;;;10001.5;609.0
0;49300;BANANAS;4892;3;4891;29;;;4897;29;;;;;4894.5;623.8984375
0;49400;PEARLS;9996;1;9995;22;;;10004;1;10005;22;;;10000.0;609.0
0;49400;BANANAS;4891;23;;;;;4898;23;;;;;4894.5;616.5546875
0;49500;PEARLS;9996;1;9995;24;;;10004;1;10005;24;;;10000.0;609.0
0;49500;BANANAS;4891;25;;;;;4897;25;;;;;4894.0;623.96875
0;49600;PEARLS;9996;2;9995;28;;;10000;3;10002;9;10004;2;9998.0;609.0
0;49600;BANANAS;4890;30;;;;;4895;9;4897;30;;;4892.5;630.1796875
0;49700;PEARLS;9995;21;;;;;10005;21;;;;;10000.0;609.0
0;49700;BANANAS;4896;1;4890;21;;;4897;21;;;;;4896.5;627.22265625
0;49800;PEARLS;9995;20;;;;;10002;7;10005;20;;;9998.5;609.0
0;49800;BANANAS;4890;19;;;;;4895;7;4897;20;;;4892.5;634.16796875
0;49900;BANANAS;4890;24;;;;;4896;1;4897;23;;;4893.0;636.7265625
0;49900;PEARLS;9996;1;9995;23;;;10004;1;10005;23;;;10000.0;609.0
0;50000;BANANAS;4893;2;4889;26;;;4894;5;4896;26;;;4893.5;648.5234375
0;50000;PEARLS;9996;2;9995;24;;;10002;5;10004;2;10005;24;9999.0;609.0
0;50100;PEARLS;10002;4;9996;2;9995;22;10004;2;10005;22;;;10003.0;609.0
0;50100;BANANAS;4892;2;4889;24;;;4896;24;;;;;4894.0;645.9375
0;50200;PEARLS;9996;1;9995;28;;;10004;1;10005;28;;;10000.0;611.0
0;50200;BANANAS;4894;7;4890;29;;;4896;29;;;;;4895.0;640.25
0;50300;BANANAS;4890;23;;;;;4897;23;;;;;4893.5;636.3671875
0;50300;PEARLS;9995;23;;;;;10005;23;;;;;10000.0;611.0
0;50400;BANANAS;4890;23;;;;;4897;23;;;;;4893.5;634.5625
0;50400;PEARLS;9996;2;9995;21;;;10004;2;10005;21;;;10000.0;611.0
0;50500;PEARLS;10000;4;9998;7;9996;1;10004;1;10005;27;;;10002.0;611.0
0;50500;BANANAS;4891;7;4890;28;;;4897;28;;;;;4894.0;634.078125
0;50600;PEARLS;9998;7;9996;2;9995;22;10000;5;10004;2;10005;22;9999.0;611.0
0;50600;BANANAS;4895;1;4891;7;4890;24;4896;2;4897;22;;;4895.5;637.390625
0;50700;BANANAS;4891;9;4890;20;;;4897;20;;;;;4894.0;635.7421875
0;50700;PEARLS;9998;9;9995;20;;;10005;20;;;;;10001.5;611.0
0;50800;BANANAS;4891;7;4890;28;;;4897;28;;;;;4894.0;635.6796875
0;50800;PEARLS;9998;7;9996;2;9995;26;10004;2;10005;26;;;10001.0;611.0
0;50900;PEARLS;9998;2;9995;30;;;10000;5;10005;30;;;9999.0;611.0
0;50900;BANANAS;4891;1;4890;30;;;4897;30;;;;;4894.0;637.265625
0;51000;PEARLS;9996;2;9995;23;;;10004;2;10005;23;;;10000.0;611.0
0;51000;BANANAS;4890;25;;;;;4896;2;4897;23;;;4893.0;639.4765625
0;51100;BANANAS;4891;29;;;;;4895;1;4897;29;;;4893.0;627.8359375
0;51100;PEARLS;9995;29;;;;;10002;1;10005;29;;;9998.5;611.0
0;51200;PEARLS;9995;30;;;;;10005;30;;;;;10000.0;611.0
0;51200;BANANAS;4895;10;4890;30;;;4897;30;;;;;4896.0;633.265625
0;51300;PEARLS;9996;2;9995;23;;;9998;5;10002;5;10004;2;9997.0;611.0
0;51300;BANANAS;4891;25;;;;;4895;5;4897;25;;;4893.0;631.8359375
0;51400;PEARLS;9996;1;9995;22;;;10004;1;10005;22;;;10000.0;621.0
0;51400;BANANAS;4891;23;;;;;4897;23;;;;;4894.0;631.2265625
0;51500;PEARLS;9995;21;;;;;10005;21;;;;;10000.0;621.0
0;51500;BANANAS;4891;21;;;;;4898;21;;;;;4894.5;627.0703125
0;51600;PEARLS;9996;2;9995;21;;;10002;5;10004;2;10005;21;9999.0;629.0
0;51600;BANANAS;4891;23;;;;;4896;5;4897;2;4898;21;4893.5;627.671875
0;51700;PEARLS;9996;2;9995;30;;;10004;2;10005;30;;;10000.0;629.0
0;51700;BANANAS;4896;12;4891;32;;;4897;2;4898;30;;;4896.5;628.109375
0;51800;PEARLS;9995;25;;;;;10005;25;;;;;10000.0;629.0
0;51800;BANANAS;4891;25;;;;;4898;25;;;;;4894.5;619.828125
0;51900;PEARLS;9996;2;9995;26;;;10004;2;10005;26;;;10000.0;629.0
0;51900;BANANAS;4892;2;4891;26;;;4898;28;;;;;4895.0;614.53125
0;52000;PEARLS;9998;2;9995;21;;;10000;5;10005;21;;;9999.0;629.0
0;52000;BANANAS;4892;3;4891;21;;;4898;21;;;;;4895.0;629.7265625
0;52100;PEARLS;9996;1;9995;27;;;10004;1;10005;27;;;10000.0;629.0
0;52100;BANANAS;4891;28;;;;;4897;1;4898;27;;;4894.0;626.1796875
0;52200;PEARLS;9995;23;;;;;10005;23;;;;;10000.0;629.0
0;52200;BANANAS;4891;22;;;;;4896;1;4898;23;;;4893.5;626.734375
0;52300;PEARLS;9995;30;;;;;10005;30;;;;;10000.0;629.0
0;52300;BANANAS;4892;30;;;;;4899;30;;;;;4895.5;607.6875
0;52400;PEARLS;10002;3;9996;1;9995;20;10004;1;10005;20;;;10003.0;629.0
0;52400;BANANAS;4892;1;4891;20;;;4898;21;;;;;4895.0;618.015625
0;52500;PEARLS;9996;2;9995;25;;;10004;2;10005;25;;;10000.0;635.0
0;52500;BANANAS;4891;27;;;;;4898;27;;;;;4894.5;624.1015625
0;52600;PEARLS;9996;1;9995;30;;;10004;1;10005;30;;;10000.0;635.0
0;52600;BANANAS;4891;31;;;;;4897;1;4898;30;;;4894.0;628.375
0;52700;PEARLS;9996;1;9995;24;;;10002;9;10004;1;10005;24;9999.0;638.0
0;52700;BANANAS;4891;25;;;;;4895;8;4897;25;;;4893.0;631.3671875
0;52800;PEARLS;9996;2;9995;26;;;10004;2;10005;26;;;10000.0;638.0
0;52800;BANANAS;4891;28;;;;;4892;8;4897;28;;;4891.5;630.9140625
0;52900;PEARLS;9996;1;9995;26;;;10002;3;10004;1;10005;26;9999.0;638.0
0;52900;BANANAS;4891;1;4890;26;;;4895;3;4897;27;;;4893.0;649.9296875
0;53000;PEARLS;9996;1;9995;29;;;10004;1;10005;29;;;10000.0;638.0
0;53000;BANANAS;4891;30;;;;;4898;30;;;;;4894.5;640.86328125
0;53100;PEARLS;9996;2;9995;21;;;9998;5;10004;2;10005;21;9997.0;638.0
0;53100;BANANAS;4892;23;;;;;4898;23;;;;;4895.0;636.640625
0;53200;PEARLS;9995;23;;;;;10005;23;;;;;10000.0;648.0
0;53200;BANANAS;4897;1;4892;23;;;4899;23;;;;;4898.0;634.640625
0;53300;PEARLS;9995;20;;;;;10005;20;;;;;10000.0;648.0
0;53300;BANANAS;4892;20;;;;;4899;20;;;;;4895.5;632.28125
0;53400;PEARLS;9996;2;9995;30;;;9998;1;10004;2;10005;30;9997.0;648.0
0;53400;BANANAS;4892;32;;;;;4899;32;;;;;4895.5;631.21484375
0;53500;PEARLS;9995;25;;;;;10002;7;10005;25;;;9998.5;650.0
0;53500;BANANAS;4892;25;;;;;4897;7;4899;25;;;4894.5;631.68359375
0;53600;PEARLS;9998;2;9996;1;9995;22;10004;1;10005;22;;;10001.0;650.0
0;53600;BANANAS;4892;23;;;;;4893;10;4899;23;;;4892.5;630.0078125
0;53700;PEARLS;9995;23;;;;;10005;23;;;;;10000.0;650.0
0;53700;BANANAS;4892;23;;;;;4899;23;;;;;4895.5;657.607421875
0;53800;PEARLS;9998;8;9995;29;;;10005;29;;;;;10001.5;650.0
0;53800;BANANAS;4893;8;4892;29;;;4899;29;;;;;4896.0;657.5
0;53900;PEARLS;9996;1;9995;25;;;10000;4;10002;8;10004;1;9998.0;650.0
0;53900;BANANAS;4892;1;4891;25;;;4896;8;4898;26;;;4894.0;658.6298828125
0;54000;PEARLS;9996;1;9995;21;;;10002;1;10004;1;10005;21;9999.0;650.0
0;54000;BANANAS;4891;22;;;;;4894;5;4896;2;4898;22;4892.5;659.3125
0;54100;BANANAS;4892;22;;;;;4899;22;;;;;4895.5;663.9306640625
0;54100;PEARLS;9996;1;9995;21;;;10004;1;10005;21;;;10000.0;650.0
0;54200;PEARLS;9996;1;9995;20;;;10004;1;10005;20;;;10000.0;656.0
0;54200;BANANAS;4891;20;;;;;4898;21;;;;;4894.5;669.0
0;54300;BANANAS;4892;2;4891;26;;;4898;28;;;;;4895.0;669.0
0;54300;PEARLS;10002;1;9996;2;9995;26;10004;2;10005;26;;;10003.0;656.0
0;54400;PEARLS;9995;22;;;;;10005;22;;;;;10000.0;658.0
0;54400;BANANAS;4892;22;;;;;4899;22;;;;;4895.5;673.2919921875
0;54500;BANANAS;4892;29;;;;;4897;2;4898;2;4899;27;4894.5;673.4033203125
0;54500;PEARLS;9996;2;9995;27;;;10002;2;10004;2;10005;27;9999.0;658.0
0;54600;PEARLS;10002;2;9996;1;9995;29;10004;1;10005;29;;;10003.0;658.0
0;54600;BANANAS;4892;30;;;;;4899;30;;;;;4895.5;673.8330078125
0;54700;BANANAS;4893;23;;;;;4899;1;4900;22;;;4896.0;675.3330078125
0;54700;PEARLS;9996;1;9995;22;;;10004;1;10005;22;;;10000.0;662.0
0;54800;PEARLS;9996;2;9995;23;;;10004;2;10005;23;;;10000.0;665.0
0;54800;BANANAS;4893;25;;;;;4899;2;4900;23;;;4896.0;679.0
0;54900;BANANAS;4898;1;4893;24;;;4899;2;4900;22;;;4898.5;679.0
0;54900;PEARLS;9996;2;9995;22;;;10004;2;10005;22;;;10000.0;665.0
0;55000;PEARLS;9996;2;9995;20;;;10004;2;10005;20;;;10000.0;665.0
0;55000;BANANAS;4893;22;;;;;4899;2;4900;20;;;4896.0;680.73828125
0;55100;BANANAS;4894;2;4893;24;;;4900;26;;;;;4897.0;680.103515625
0;55100;PEARLS;9996;2;9995;24;;;10004;2;10005;24;;;10000.0;665.0
0;55200;PEARLS;9998;8;9996;1;9995;25;10004;1;10005;25;;;10001.0;665.0
0;55200;BANANAS;4895;7;4894;26;;;4900;26;;;;;4897.5;680.03857421875
0;55300;BANANAS;4894;22;;;;;4899;4;4901;22;;;4896.5;679.58642578125
0;55300;PEARLS;9995;22;;;;;10002;5;10005;22;;;9998.5;665.0
0;55400;PEARLS;9998;7;9996;1;9995;27;10004;1;10005;27;;;10001.0;666.0
0;55400;BANANAS;4895;8;4894;27;;;4901;28;;;;;4898.0;679.25927734375
0;55500;BANANAS;4894;24;;;;;4901;24;;;;;4897.5;679.68115234375
0;55500;PEARLS;9996;2;9995;22;;;10004;2;10005;22;;;10000.0;672.0
0;55600;PEARLS;9995;23;;;;;10002;9;10005;23;;;9998.5;672.0
0;55600;BANANAS;4894;23;;;;;4899;9;4901;23;;;4896.5;679.8115234375
0;55700;PEARLS;9996;1;9995;21;;;10002;7;10004;1;10005;21;9999.0;672.0
0;55700;BANANAS;4893;22;;;;;4898;7;4900;22;;;4895.5;680.341796875
0;55800;PEARLS;9996;1;9995;25;;;10004;1;10005;25;;;10000.0;672.0
0;55800;BANANAS;4894;26;;;;;4900;1;4901;25;;;4897.0;679.91455078125
0;55900;PEARLS;9995;20;;;;;10005;20;;;;;10000.0;672.0
0;55900;BANANAS;4894;20;;;;;4897;1;4901;20;;;4895.5;679.408203125
0;56000;PEARLS;10000;2;9996;1;9995;24;10002;6;10004;1;10005;24;10001.0;672.0
0;56000;BANANAS;4895;25;;;;;4900;6;4901;25;;;4897.5;678.95703125
0;56100;PEARLS;9996;1;9995;27;;;9998;1;10002;3;10004;1;9997.0;672.0
0;56100;BANANAS;4894;28;;;;;4899;3;4901;28;;;4896.5;679.5126953125
0;56200;PEARLS;9996;1;9995;30;;;10000;4;10004;1;10005;30;9998.0;674.0
0;56200;BANANAS;4897;3;4894;31;;;4900;1;4901;30;;;4898.5;679.734375
0;56300;PEARLS;9995;28;;;;;10005;28;;;;;10000.0;674.0
0;56300;BANANAS;4894;28;;;;;4901;28;;;;;4897.5;677.384765625
0;56400;PEARLS;9996;2;9995;27;;;10004;2;10005;27;;;10000.0;674.0
0;56400;BANANAS;4894;29;;;;;4900;2;4901;27;;;4897.0;679.15234375
0;56500;PEARLS;9995;21;;;;;10002;9;10005;21;;;9998.5;674.0
0;56500;BANANAS;4894;21;;;;;4899;9;4901;21;;;4896.5;688.0
0;56600;PEARLS;9996;2;9995;28;;;10002;2;10004;2;10005;28;9999.0;678.0
0;56600;BANANAS;4894;30;;;;;4899;2;4901;30;;;4896.5;688.0
0;56700;PEARLS;9998;5;9995;27;;;10005;27;;;;;10001.5;678.0
0;56700;BANANAS;4895;6;4894;27;;;4901;27;;;;;4898.0;688.0
0;56800;PEARLS;9995;23;;;;;10005;23;;;;;10000.0;678.0
0;56800;BANANAS;4894;23;;;;;4900;23;;;;;4897.0;688.0
0;56900;PEARLS;9996;1;9995;20;;;10004;1;10005;20;;;10000.0;678.0
0;56900;BANANAS;4894;21;;;;;4900;1;4901;20;;;4897.0;688.0
0;57000;PEARLS;9996;2;9995;20;;;10002;10;10004;2;10005;20;9999.0;678.0
0;57000;BANANAS;4894;2;4893;20;;;4898;10;4900;22;;;4896.0;688.0
0;57100;PEARLS;9998;6;9995;24;;;10005;24;;;;;10001.5;678.0
0;57100;BANANAS;4899;1;4894;7;4893;24;4900;24;;;;;4899.5;688.0
0;57200;PEARLS;9998;5;9996;1;9995;25;10004;1;10005;25;;;10001.0;678.0
0;57200;BANANAS;4894;6;4893;25;;;4895;5;4896;2;4900;26;4894.5;690.27734375
0;57300;PEARLS;9996;1;9995;30;;;10004;1;10005;30;;;10000.0;678.0
0;57300;BANANAS;4894;1;4893;30;;;4900;31;;;;;4897.0;699.478515625
0;57400;PEARLS;9996;1;9995;27;;;10004;1;10005;27;;;10000.0;678.0
0;57400;BANANAS;4893;28;;;;;4899;1;4900;27;;;4896.0;696.892578125
0;57500;PEARLS;9995;21;;;;;10005;21;;;;;10000.0;678.0
0;57500;BANANAS;4892;21;;;;;4899;21;;;;;4895.5;694.609375
0;57600;PEARLS;10000;4;9996;2;9995;20;10004;2;10005;20;;;10002.0;678.0
0;57600;BANANAS;4892;22;;;;;4899;22;;;;;4895.5;693.603515625
0;57700;PEARLS;9998;2;9996;1;9995;21;10004;1;10005;21;;;10001.0;678.0
0;57700;BANANAS;4893;2;4892;22;;;4899;22;;;;;4896.0;693.349609375
0;57800;PEARLS;9996;2;9995;26;;;10002;4;10004;2;10005;26;9999.0;678.0
0;57800;BANANAS;4892;28;;;;;4897;4;4899;28;;;4894.5;694.681640625
0;57900;PEARLS;9996;2;9995;26;;;10004;2;10005;26;;;10000.0;678.0
0;57900;BANANAS;4893;28;;;;;4899;2;4900;26;;;4896.0;696.931640625
0;58000;PEARLS;9995;28;;;;;10005;28;;;;;10000.0;678.0
0;58000;BANANAS;4892;28;;;;;4899;28;;;;;4895.5;694.6328125
0;58100;PEARLS;9998;7;9995;20;;;10005;20;;;;;10001.5;678.0
0;58100;BANANAS;4894;7;4893;20;;;4900;20;;;;;4897.0;696.572265625
0;58200;PEARLS;9996;2;9995;27;;;10004;2;10005;27;;;10000.0;686.0
0;58200;BANANAS;4893;29;;;;;4899;2;4900;27;;;4896.0;696.81640625
0;58300;PEARLS;9996;2;9995;28;;;10004;2;10005;28;;;10000.0;686.0
0;58300;BANANAS;4893;30;;;;;4900;30;;;;;4896.5;698.58984375
0;58400;PEARLS;9995;25;;;;;10005;25;;;;;10000.0;686.0
0;58400;BANANAS;4893;25;;;;;4900;25;;;;;4896.5;698.080078125
0;58500;PEARLS;9998;3;9996;2;9995;20;10004;2;10005;20;;;10001.0;686.0
0;58500;BANANAS;4894;5;4893;20;;;4900;22;;;;;4897.0;699.740234375
0;58600;BANANAS;4893;23;;;;;4899;1;4900;22;;;4896.0;708.953125
0;58600;PEARLS;9996;1;9995;22;;;10004;1;10005;22;;;10000.0;686.0
0;58700;PEARLS;9996;1;9995;29;;;9998;1;10000;4;10004;1;9997.0;689.0
0;58700;BANANAS;4893;1;4892;29;;;4899;30;;;;;4896.0;705.015625
0;58800;PEARLS;9996;1;9995;30;;;10004;1;10005;30;;;10000.0;691.0
0;58800;BANANAS;4893;31;;;;;4900;31;;;;;4896.5;715.1328125
0;58900;BANANAS;4899;1;4897;2;4894;25;4900;2;4901;23;;;4899.5;728.2734375
0;58900;PEARLS;9996;2;9995;23;;;10004;2;10005;23;;;10000.0;697.0
0;59000;BANANAS;4894;24;;;;;4901;24;;;;;4897.5;730.43359375
0;59000;PEARLS;9996;1;9995;23;;;10004;1;10005;23;;;10000.0;700.0
0;59100;PEARLS;9998;7;9996;1;9995;20;10004;1;10005;20;;;10001.0;700.0
0;59100;BANANAS;4894;9;4893;20;;;4900;21;;;;;4897.0;725.18359375
0;59200;PEARLS;10002;1;9996;2;9995;23;10004;2;10005;23;;;10003.0;700.0
0;59200;BANANAS;4893;25;;;;;4900;25;;;;;4896.5;721.21875
0;59300;BANANAS;4894;5;4893;22;;;4900;22;;;;;4897.0;723.96484375
0;59300;PEARLS;9998;5;9995;22;;;10005;22;;;;;10001.5;702.0
0;59400;BANANAS;4894;23;;;;;4901;23;;;;;4897.5;729.1015625
0;59400;PEARLS;10002;1;9995;23;;;10005;23;;;;;10003.5;702.0
0;59500;PEARLS;9996;2;9995;22;;;10004;2;10005;22;;;10000.0;704.0
0;59500;BANANAS;4894;24;;;;;4900;2;4901;22;;;4897.0;730.15625
0;59600;PEARLS;10002;1;9996;1;9995;24;10004;1;10005;24;;;10003.0;704.0
0;59600;BANANAS;4894;25;;;;;4901;25;;;;;4897.5;733.37109375
0;59700;BANANAS;4899;1;4894;26;;;4901;26;;;;;4900.0;730.9140625
0;59700;PEARLS;9996;1;9995;25;;;10004;1;10005;25;;;10000.0;704.0
0;59800;BANANAS;4894;11;4893;22;;;4900;24;;;;;4897.0;726.7421875
0;59800;PEARLS;9998;9;9996;2;9995;22;10004;2;10005;22;;;10001.0;704.0
0;59900;PEARLS;9996;2;9995;23;;;10004;2;10005;23;;;10000.0;704.0
0;59900;BANANAS;4894;2;4893;23;;;4900;25;;;;;4897.0;735.84375
0;60000;PEARLS;9996;1;9995;25;;;9998;3;10002;10;10004;1;9997.0;710.0
0;60000;BANANAS;4898;1;4893;26;;;4900;26;;;;;4899.0;731.140625
0;60100;PEARLS;9996;1;9995;27;;;10004;1;10005;27;;;10000.0;716.0
0;60100;BANANAS;4893;28;;;;;4900;28;;;;;4896.5;732.4140625
0;60200;PEARLS;9996;1;9995;25;;;10004;1;10005;25;;;10000.0;716.0
0;60200;BANANAS;4894;1;4893;25;;;4900;26;;;;;4897.0;735.96875
0;60300;PEARLS;9998;3;9996;1;9995;23;10004;1;10005;23;;;10001.0;716.0
0;60300;BANANAS;4894;3;4893;24;;;4900;24;;;;;4897.0;734.9765625
0;60400;PEARLS;9996;2;9995;22;;;9998;1;10004;2;10005;22;9997.0;716.0
0;60400;BANANAS;4893;24;;;;;4900;24;;;;;4896.5;737.3359375
0;60500;PEARLS;9995;25;;;;;10000;2;10005;25;;;9997.5;718.0
0;60500;BANANAS;4893;25;;;;;4900;25;;;;;4896.5;737.3203125
0;60600;PEARLS;9996;1;9995;21;;;10004;1;10005;21;;;10000.0;718.0
0;60600;BANANAS;4893;21;;;;;4900;22;;;;;4896.5;738.53125
0;60700;PEARLS;9998;10;9995;24;;;10005;24;;;;;10001.5;751.0
0;60700;BANANAS;4894;33;;;;;4900;24;;;;;4897.0;741.2421875
0;60800;PEARLS;9996;2;9995;26;;;10004;2;10005;26;;;10000.0;751.0
0;60800;BANANAS;4899;1;4894;28;;;4900;2;4901;26;;;4899.5;743.2578125
0;60900;PEARLS;9998;10;9995;29;;;10005;29;;;;;10001.5;751.0
0;60900;BANANAS;4899;1;4895;10;4894;29;4901;29;;;;;4900.0;746.53125
0;61000;PEARLS;9996;1;9995;25;;;9998;1;10004;1;10005;25;9997.0;751.0
0;61000;BANANAS;4894;26;;;;;4900;26;;;;;4897.0;746.39453125
0;61100;PEARLS;9996;2;9995;29;;;10004;2;10005;29;;;10000.0;753.0
0;61100;BANANAS;4894;31;;;;;4895;4;4900;2;4901;29;4894.5;747.70703125
0;61200;PEARLS;9998;1;9995;22;;;10005;22;;;;;10001.5;753.0
0;61200;BANANAS;4894;22;;;;;4901;22;;;;;4897.5;755.484375
0;61300;PEARLS;9995;27;;;;;10005;27;;;;;10000.0;753.0
0;61300;BANANAS;4893;27;;;;;4900;27;;;;;4896.5;747.578125
0;61400;PEARLS;9995;28;;;;;10005;28;;;;;10000.0;753.0
0;61400;BANANAS;4893;28;;;;;4900;28;;;;;4896.5;749.65625
0;61500;PEARLS;9998;4;9995;22;;;10005;22;;;;;10001.5;753.0
0;61500;BANANAS;4898;1;4894;4;4893;22;4900;22;;;;;4899.0;743.21875
0;61600;PEARLS;9996;1;9995;27;;;10004;1;10005;27;;;10000.0;753.0
0;61600;BANANAS;4893;28;;;;;4899;28;;;;;4896.0;739.1015625
0;61700;PEARLS;9996;2;9995;21;;;10004;2;10005;21;;;10000.0;753.0
0;61700;BANANAS;4893;23;;;;;4899;2;4900;21;;;4896.0;742.4765625
0;61800;PEARLS;9996;2;9995;24;;;10004;2;10005;24;;;10000.0;753.0
0;61800;BANANAS;4893;1;4892;24;;;4899;26;;;;;4896.0;736.78125
0;61900;PEARLS;9995;28;;;;;10002;8;10005;28;;;9998.5;753.0
0;61900;BANANAS;4892;28;;;;;4897;8;4899;28;;;4894.5;733.25
0;62000;PEARLS;9995;24;;;;;10005;24;;;;;10000.0;753.0
0;62000;BANANAS;4892;24;;;;;4899;24;;;;;4895.5;726.1953125
0;62100;PEARLS;9996;2;9995;25;;;10002;3;10004;2;10005;25;9999.0;753.0
0;62100;BANANAS;4892;27;;;;;4897;3;4898;2;4899;25;4894.5;727.4375
0;62200;PEARLS;9998;9;9996;2;9995;22;10004;2;10005;22;;;10001.0;753.0
0;62200;BANANAS;4893;9;4892;24;;;4898;2;4899;22;;;4895.5;726.078125
0;62300;PEARLS;9995;21;;;;;10005;21;;;;;10000.0;753.0
0;62300;BANANAS;4892;21;;;;;4899;21;;;;;4895.5;728.625
0;62400;PEARLS;9995;24;;;;;10005;24;;;;;10000.0;753.0
0;62400;BANANAS;4892;24;;;;;4899;24;;;;;4895.5;729.453125
0;62500;PEARLS;9996;2;9995;25;;;10004;2;10005;25;;;10000.0;753.0
0;62500;BANANAS;4892;27;;;;;4899;27;;;;;4895.5;730.2890625
0;62600;PEARLS;9998;6;9996;1;9995;21;10004;1;10005;21;;;10001.0;753.0
0;62600;BANANAS;4897;12;4893;7;4892;21;4899;22;;;;;4898.0;737.0859375
0;62700;PEARLS;9998;3;9995;25;;;10005;25;;;;;10001.5;753.0
0;62700;BANANAS;4894;4;4893;25;;;4900;25;;;;;4897.0;751.76171875
0;62800;PEARLS;9995;22;;;;;10005;22;;;;;10000.0;753.0
0;62800;BANANAS;4893;22;;;;;4899;22;;;;;4896.0;750.94140625
0;62900;PEARLS;10002;11;9998;3;9996;2;10004;2;10005;20;;;10003.0;797.0
0;62900;BANANAS;4894;5;4893;20;;;4900;22;;;;;4897.0;753.962890625
0;63000;PEARLS;9995;30;;;;;10005;30;;;;;10000.0;819.0
0;63000;BANANAS;4893;30;;;;;4900;30;;;;;4896.5;751.853515625
0;63100;BANANAS;4893;30;;;;;4900;30;;;;;4896.5;779.28125
0;63100;PEARLS;9995;30;;;;;9998;1;10005;30;;;9996.5;819.0
0;63200;PEARLS;9996;1;9995;24;;;10004;1;10005;24;;;10000.0;821.0
0;63200;BANANAS;4893;25;;;;;4900;25;;;;;4896.5;777.3671875
0;63300;BANANAS;4899;1;4893;30;;;4900;30;;;;;4899.5;780.6796875
0;63300;PEARLS;10002;4;9995;30;;;10005;30;;;;;10003.5;821.0
0;63400;PEARLS;9996;2;9995;22;;;10004;2;10005;22;;;10000.0;829.0
0;63400;BANANAS;4894;2;4893;22;;;4900;24;;;;;4897.0;781.4375
0;63500;BANANAS;4893;28;;;;;4896;4;4900;28;;;4894.5;777.56640625
0;63500;PEARLS;9995;28;;;;;10005;28;;;;;10000.0;829.0
0;63600;PEARLS;9995;22;;;;;10005;22;;;;;10000.0;829.0
0;63600;BANANAS;4899;1;4894;22;;;4900;22;;;;;4899.5;787.0234375
0;63700;BANANAS;4894;21;;;;;4899;7;4900;21;;;4896.5;790.6640625
0;63700;PEARLS;9995;21;;;;;10000;5;10002;7;10005;21;9997.5;829.0
0;63800;PEARLS;9996;1;9995;27;;;9998;1;10004;1;10005;27;9997.0;829.0
0;63800;BANANAS;4894;28;;;;;4901;28;;;;;4897.5;796.4765625
0;63900;BANANAS;4894;22;;;;;4897;2;4901;22;;;4895.5;802.75
0;63900;PEARLS;9995;22;;;;;10000;2;10005;22;;;9997.5;831.0
0;64000;PEARLS;9995;30;;;;;9998;11;10002;10;10005;30;9996.5;831.0
0;64000;BANANAS;4894;30;;;;;4895;1;4899;10;4901;30;4894.5;802.7890625
0;64100;BANANAS;4894;28;;;;;4899;4;4901;28;;;4896.5;802.953125
0;64100;PEARLS;9996;2;9995;26;;;10002;4;10004;2;10005;26;9999.0;853.0
0;64200;PEARLS;9996;2;9995;25;;;10004;2;10005;25;;;10000.0;853.0
0;64200;BANANAS;4895;2;4894;25;;;4901;27;;;;;4898.0;805.703125
0;64300;BANANAS;4896;4;4895;22;;;4901;2;4902;20;;;4898.5;811.9375
0;64300;PEARLS;9998;4;9996;2;9995;20;10004;2;10005;20;;;10001.0;853.0
0;64400;PEARLS;9996;2;9995;27;;;10004;2;10005;27;;;10000.0;853.0
0;64400;BANANAS;4894;29;;;;;4901;29;;;;;4897.5;798.5625
0;64500;PEARLS;9996;2;9995;20;;;10004;2;10005;20;;;10000.0;853.0
0;64500;BANANAS;4895;22;;;;;4901;2;4902;20;;;4898.0;812.59375
0;64600;PEARLS;9996;2;9995;27;;;10004;2;10005;27;;;10000.0;853.0
0;64600;BANANAS;4895;29;;;;;4901;2;4902;27;;;4898.0;812.4375
0;64700;PEARLS;10002;1;9996;1;9995;28;10004;1;10005;28;;;10003.0;871.0
0;64700;BANANAS;4895;29;;;;;4902;29;;;;;4898.5;814.71875
0;64800;PEARLS;9996;1;9995;20;;;10004;1;10005;20;;;10000.0;873.0
0;64800;BANANAS;4895;20;;;;;4902;21;;;;;4898.5;814.9765625
0;64900;PEARLS;9996;2;9995;30;;;9998;4;10002;10;10004;2;9997.0;873.0
0;64900;BANANAS;4895;32;;;;;4900;10;4902;32;;;4897.5;813.3984375
0;65000;PEARLS;9996;1;9995;26;;;10002;5;10004;1;10005;26;9999.0;881.0
0;65000;BANANAS;4895;27;;;;;4900;4;4902;27;;;4897.5;815.8984375
0;65100;PEARLS;9998;10;9996;1;9995;25;10004;1;10005;25;;;10001.0;881.0
0;65100;BANANAS;4896;10;4895;26;;;4902;26;;;;;4899.0;813.203125
0;65200;PEARLS;9996;1;9995;28;;;10002;6;10004;1;10005;28;9999.0;881.0
0;65200;BANANAS;4895;28;;;;;4900;6;4901;29;;;4897.5;808.9765625
0;65300;PEARLS;9995;29;;;;;10002;9;10005;29;;;9998.5;881.0
0;65300;BANANAS;4894;29;;;;;4899;9;4901;29;;;4896.5;805.4140625
0;65400;PEARLS;9998;10;9995;21;;;10005;21;;;;;10001.5;881.0
0;65400;BANANAS;4900;1;4895;10;4894;21;4901;21;;;;;4900.5;803.0859375
0;65500;PEARLS;9995;20;;;;;10005;20;;;;;10000.0;881.0
0;65500;BANANAS;4894;20;;;;;4901;20;;;;;4897.5;805.5078125
0;65600;PEARLS;9998;3;9995;20;;;10005;20;;;;;10001.5;881.0
0;65600;BANANAS;4895;3;4894;20;;;4901;20;;;;;4898.0;796.1328125
0;65700;PEARLS;9995;24;;;;;10005;24;;;;;10000.0;881.0
0;65700;BANANAS;4894;23;;;;;4901;24;;;;;4897.5;801.5
0;65800;PEARLS;10002;4;9995;30;;;10005;30;;;;;10003.5;881.0
0;65800;BANANAS;4894;30;;;;;4901;30;;;;;4897.5;812.7578125
0;65900;PEARLS;9996;2;9995;24;;;10004;2;10005;24;;;10000.0;889.0
0;65900;BANANAS;4895;2;4894;24;;;4901;26;;;;;4898.0;817.046875
0;66000;PEARLS;9996;1;9995;24;;;10004;1;10005;24;;;10000.0;889.0
0;66000;BANANAS;4897;6;4894;25;;;4901;25;;;;;4899.0;815.6328125
0;66100;PEARLS;9996;2;9995;23;;;10004;2;10005;23;;;10000.0;889.0
0;66100;BANANAS;4899;1;4894;2;4893;23;4900;25;;;;;4899.5;808.8359375
0;66200;PEARLS;10002;1;9996;1;9995;22;10004;1;10005;22;;;10003.0;895.0
0;66200;BANANAS;4894;23;;;;;4900;1;4901;22;;;4897.0;814.140625
0;66300;PEARLS;10000;3;9995;20;;;10002;5;10005;20;;;10001.0;897.0
0;66300;BANANAS;4898;6;4893;20;;;4900;20;;;;;4899.0;809.484375
0;66400;PEARLS;9996;2;9995;24;;;10004;2;10005;24;;;10000.0;897.0
0;66400;BANANAS;4893;26;;;;;4899;26;;;;;4896.0;803.390625
0;66500;PEARLS;9996;1;9995;30;;;10004;1;10005;30;;;10000.0;897.0
0;66500;BANANAS;4897;1;4892;31;;;4898;1;4899;30;;;4897.5;795.9609375
0;66600;PEARLS;10002;3;9998;1;9996;2;10004;2;10005;29;;;10003.0;897.0
0;66600;BANANAS;4896;1;4893;1;4892;31;4898;2;4899;29;;;4897.0;795.171875
0;66700;PEARLS;9996;1;9995;25;;;10004;1;10005;25;;;10000.0;903.0
0;66700;BANANAS;4896;2;4892;26;;;4898;26;;;;;4897.0;793.74609375
0;66800;PEARLS;9996;1;9995;25;;;10004;1;10005;25;;;10000.0;903.0
0;66800;BANANAS;4891;26;;;;;4898;26;;;;;4894.5;789.08984375
0;66900;PEARLS;9995;20;;;;;10005;20;;;;;10000.0;903.0
0;66900;BANANAS;4891;20;;;;;4898;20;;;;;4894.5;791.0703125
0;67000;PEARLS;9998;1;9996;2;9995;22;10004;2;10005;22;;;10001.0;903.0
0;67000;BANANAS;4892;3;4891;22;;;4898;24;;;;;4895.0;791.375
0;67100;PEARLS;9996;1;9995;25;;;10004;1;10005;25;;;10000.0;903.0
0;67100;BANANAS;4891;26;;;;;4898;26;;;;;4894.5;790.6328125
0;67200;PEARLS;9995;23;;;;;10005;23;;;;;10000.0;903.0
0;67200;BANANAS;4891;23;;;;;4898;23;;;;;4894.5;787.28125
0;67300;PEARLS;9996;1;9995;21;;;10004;1;10005;21;;;10000.0;903.0
0;67300;BANANAS;4890;21;;;;;4891;8;4897;22;;;4890.5;783.171875
0;67400;PEARLS;9996;1;9995;28;;;10004;1;10005;28;;;10000.0;903.0
0;67400;BANANAS;4891;29;;;;;4897;1;4898;28;;;4894.0;811.25
0;67500;BANANAS;4891;22;;;;;4898;22;;;;;4894.5;821.6328125
0;67500;PEARLS;9995;22;;;;;10005;22;;;;;10000.0;918.0
0;67600;BANANAS;4891;26;;;;;4897;26;;;;;4894.0;809.6640625
0;67600;PEARLS;9996;1;9995;25;;;10004;1;10005;25;;;10000.0;918.0
0;67700;PEARLS;9996;2;9995;21;;;10000;3;10004;2;10005;21;9998.0;918.0
0;67700;BANANAS;4891;23;;;;;4898;23;;;;;4894.5;819.25
0;67800;PEARLS;9996;2;9995;30;;;10004;2;10005;30;;;10000.0;918.0
0;67800;BANANAS;4892;32;;;;;4898;32;;;;;4895.0;825.90625
0;67900;BANANAS;4892;26;;;;;4899;26;;;;;4895.5;843.3515625
0;67900;PEARLS;9995;26;;;;;10005;26;;;;;10000.0;930.0
0;68000;BANANAS;4892;25;;;;;4897;5;4899;25;;;4894.5;836.8828125
0;68000;PEARLS;9995;25;;;;;10002;5;10005;25;;;9998.5;930.0
0;68100;PEARLS;9996;1;9995;26;;;10002;8;10004;1;10005;26;9999.0;930.0
0;68100;BANANAS;4892;27;;;;;4897;8;4898;1;4899;26;4894.5;832.46875
0;68200;PEARLS;9996;1;9995;23;;;9998;1;10004;1;10005;23;9997.0;930.0
0;68200;BANANAS;4892;24;;;;;4893;2;4898;1;4899;23;4892.5;832.5859375
0;68300;BANANAS;4891;25;;;;;4892;7;4896;4;4898;26;4891.5;828.8125
0;68300;PEARLS;9996;1;9995;25;;;10002;4;10004;1;10005;25;9999.0;932.0
0;68400;BANANAS;4892;31;;;;;4898;31;;;;;4895.0;830.875
0;68400;PEARLS;10002;1;9996;1;9995;30;10004;1;10005;30;;;10003.0;932.0
0;68500;PEARLS;9996;1;9995;22;;;10004;1;10005;22;;;10000.0;934.0
0;68500;BANANAS;4897;1;4892;23;;;4899;23;;;;;4898.0;840.109375
0;68600;PEARLS;9995;27;;;;;9998;1;10005;27;;;9996.5;937.0
0;68600;BANANAS;4892;27;;;;;4899;27;;;;;4895.5;845.7421875
0;68700;BANANAS;4894;10;4893;22;;;4899;22;;;;;4896.5;853.1171875
0;68700;PEARLS;9998;10;9996;2;9995;20;10004;2;10005;20;;;10001.0;939.0
0;68800;BANANAS;4893;31;;;;;4898;1;4900;31;;;4895.5;865.8515625
0;68800;PEARLS;9996;1;9995;30;;;10000;6;10002;1;10004;1;9998.0;939.0
0;68900;PEARLS;9998;3;9996;2;9995;23;10004;2;10005;23;;;10001.0;939.0
0;68900;BANANAS;4897;4;4894;3;4893;25;4899;2;4900;23;;;4898.0;858.5234375
0;69000;PEARLS;9996;1;9995;27;;;10004;1;10005;27;;;10000.0;939.0
0;69000;BANANAS;4893;28;;;;;4900;28;;;;;4896.5;865.3203125
0;69100;PEARLS;9996;1;9995;25;;;10004;1;10005;25;;;10000.0;939.0
0;69100;BANANAS;4893;26;;;;;4900;26;;;;;4896.5;865.3125
0;69200;PEARLS;9996;1;9995;20;;;10002;8;10004;1;10005;20;9999.0;942.0
0;69200;BANANAS;4893;21;;;;;4898;8;4899;1;4900;20;4895.5;860.7734375
0;69300;PEARLS;9996;1;9995;23;;;10004;1;10005;23;;;10000.0;942.0
0;69300;BANANAS;4893;24;;;;;4896;6;4899;1;4900;23;4894.5;858.9921875
0;69400;PEARLS;9995;22;;;;;10005;22;;;;;10000.0;942.0
0;69400;BANANAS;4893;22;;;;;4900;22;;;;;4896.5;863.046875
0;69500;PEARLS;9996;1;9995;30;;;10002;8;10004;1;10005;30;9999.0;942.0
0;69500;BANANAS;4893;31;;;;;4898;8;4900;31;;;4895.5;867.1171875
0;69600;PEARLS;9996;2;9995;25;;;10004;2;10005;25;;;10000.0;942.0
0;69600;BANANAS;4893;27;;;;;4900;27;;;;;4896.5;869.7265625
0;69700;PEARLS;10002;1;9996;2;9995;24;10004;2;10005;24;;;10003.0;942.0
0;69700;BANANAS;4894;26;;;;;4901;26;;;;;4897.5;883.4921875
0;69800;PEARLS;9996;1;9995;22;;;10004;1;10005;22;;;10000.0;944.0
0;69800;BANANAS;4894;22;;;;;4901;23;;;;;4897.5;891.3671875
0;69900;PEARLS;10002;1;9998;10;9996;2;10004;2;10005;24;;;10003.0;944.0
0;69900;BANANAS;4896;10;4895;26;;;4901;2;4902;24;;;4898.5;901.0234375
0;70000;PEARLS;9996;2;9995;28;;;10004;2;10005;28;;;10000.0;946.0
0;70000;BANANAS;4895;30;;;;;4902;30;;;;;4898.5;906.71875
0;70100;PEARLS;10002;1;9995;27;;;10005;27;;;;;10003.5;946.0
0;70100;BANANAS;4895;26;;;;;4902;27;;;;;4898.5;900.515625
0;70200;PEARLS;9996;2;9995;28;;;10004;2;10005;28;;;10000.0;948.0
0;70200;BANANAS;4896;2;4895;28;;;4902;30;;;;;4899.0;915.75
0;70300;PEARLS;9998;10;9996;1;9995;24;10004;1;10005;24;;;10001.0;948.0
0;70300;BANANAS;4896;11;4895;24;;;4902;25;;;;;4899.0;912.9375
0;70400;PEARLS;10002;13;9996;2;9995;29;10004;2;10005;29;;;10003.0;951.0
0;70400;BANANAS;4895;31;;;;;4902;31;;;;;4898.5;904.65625
0;70500;PEARLS;10002;1;9995;21;;;10005;21;;;;;10003.5;977.0
0;70500;BANANAS;4898;4;4895;21;;;4902;21;;;;;4900.0;904.3125
0;70600;PEARLS;10002;1;10000;3;9996;1;10004;1;10005;22;;;10003.0;979.0
0;70600;BANANAS;4894;22;;;;;4901;23;;;;;4897.5;895.7578125
0;70700;PEARLS;9995;27;;;;;10005;27;;;;;10000.0;981.0
0;70700;BANANAS;4894;27;;;;;4901;27;;;;;4897.5;895.109375
0;70800;PEARLS;9996;2;9995;20;;;9998;5;10002;8;10004;2;9997.0;985.0
0;70800;BANANAS;4895;2;4894;20;;;4899;8;4901;22;;;4897.0;893.6484375
0;70900;PEARLS;9995;21;;;;;10005;21;;;;;10000.0;995.0
0;70900;BANANAS;4894;21;;;;;4895;1;4901;21;;;4894.5;894.8984375
0;71000;PEARLS;9996;2;9995;28;;;9998;3;10004;2;10005;28;9997.0;995.0
0;71000;BANANAS;4895;8;4894;30;;;4901;30;;;;;4898.0;884.4296875
0;71100;PEARLS;9998;4;9995;30;;;10005;30;;;;;10001.5;1001.0
0;71100;BANANAS;4896;4;4895;30;;;4902;30;;;;;4899.0;901.9609375
0;71200;PEARLS;9996;1;9995;27;;;9998;1;10004;1;10005;27;9997.0;1009.0
0;71200;BANANAS;4896;1;4895;27;;;4902;28;;;;;4899.0;915.578125
0;71300;PEARLS;9996;2;9995;28;;;10004;2;10005;28;;;10000.0;1011.0
0;71300;BANANAS;4896;2;4895;28;;;4902;30;;;;;4899.0;914.609375
0;71400;PEARLS;10002;2;9996;2;9995;25;10004;2;10005;25;;;10003.0;1011.0
0;71400;BANANAS;4895;27;;;;;4902;27;;;;;4898.5;906.71875
0;71500;PEARLS;9995;26;;;;;10005;26;;;;;10000.0;1015.0
0;71500;BANANAS;4895;26;;;;;4902;26;;;;;4898.5;907.140625
0;71600;PEARLS;9998;7;9996;2;9995;29;10004;2;10005;29;;;10001.0;1015.0
0;71600;BANANAS;4896;7;4895;31;;;4902;31;;;;;4899.0;906.828125
0;71700;PEARLS;9996;1;9995;25;;;9998;1;10004;1;10005;25;9997.0;1015.0
0;71700;BANANAS;4895;26;;;;;4901;1;4902;25;;;4898.0;903.0078125
0;71800;PEARLS;9995;22;;;;;9998;1;10005;22;;;9996.5;1017.0
0;71800;BANANAS;4894;22;;;;;4901;22;;;;;4897.5;893.484375
0;71900;BANANAS;4894;30;;;;;4895;1;4901;30;;;4894.5;884.890625
0;71900;PEARLS;9996;2;9995;28;;;10004;2;10005;28;;;10000.0;1019.0
0;72000;PEARLS;9998;2;9996;1;9995;23;10004;1;10005;23;;;10001.0;1019.0
0;72000;BANANAS;4896;6;4894;2;4893;24;4900;24;;;;;4898.0;866.421875
0;72100;BANANAS;4893;26;;;;;4900;26;;;;;4896.5;865.4453125
0;72100;PEARLS;9996;2;9995;24;;;9998;1;10004;2;10005;24;9997.0;1019.0
0;72200;PEARLS;9995;25;;;;;9998;1;10005;25;;;9996.5;1021.0
0;72200;BANANAS;4892;25;;;;;4899;25;;;;;4895.5;853.2421875
0;72300;BANANAS;4893;23;;;;;4899;1;4900;22;;;4896.0;858.2578125
0;72300;PEARLS;9996;1;9995;22;;;10004;1;10005;22;;;10000.0;1023.0
0;72400;PEARLS;9995;25;;;;;10005;25;;;;;10000.0;1023.0
0;72400;BANANAS;4893;25;;;;;4900;25;;;;;4896.5;860.3203125
0;72500;BANANAS;4893;22;;;;;4899;2;4900;20;;;4896.0;862.0625
0;72500;PEARLS;10000;4;9996;2;9995;20;10004;2;10005;20;;;10002.0;1023.0
0;72600;PEARLS;9998;8;9995;28;;;10005;28;;;;;10001.5;1023.0
0;72600;BANANAS;4896;4;4893;8;4892;28;4899;28;;;;;4897.5;846.90625
0;72700;BANANAS;4892;28;;;;;4899;28;;;;;4895.5;853.0625
0;72700;PEARLS;9995;28;;;;;10005;28;;;;;10000.0;1023.0
0;72800;PEARLS;9996;2;9995;27;;;10004;2;10005;27;;;10000.0;1023.0
0;72800;BANANAS;4893;29;;;;;4899;2;4900;27;;;4896.0;858.765625
0;72900;BANANAS;4893;23;;;;;4897;4;4899;23;;;4895.0;856.5703125
0;72900;PEARLS;9996;1;9995;22;;;10002;4;10004;1;10005;22;9999.0;1023.0
0;73000;PEARLS;9995;21;;;;;10005;21;;;;;10000.0;1023.0
0;73000;BANANAS;4893;21;;;;;4900;21;;;;;4896.5;866.1796875
0;73100;BANANAS;4893;28;;;;;4895;2;4897;7;4899;28;4894.0;856.953125
0;73100;PEARLS;9996;1;9995;27;;;10002;7;10004;1;10005;27;9999.0;1023.0
0;73200;PEARLS;9996;1;9995;23;;;10002;7;10004;1;10005;23;9999.0;1023.0
0;73200;BANANAS;4893;24;;;;;4898;7;4900;24;;;4895.5;864.6640625
0;73300;BANANAS;4893;25;;;;;4900;25;;;;;4896.5;866.4140625
0;73300;PEARLS;9996;2;9995;23;;;10004;2;10005;23;;;10000.0;1023.0
0;73400;PEARLS;9995;30;;;;;10002;6;10005;30;;;9998.5;1023.0
0;73400;BANANAS;4893;30;;;;;4898;7;4900;30;;;4895.5;861.515625
0;73500;PEARLS;9998;6;9996;1;9995;24;10004;1;10005;24;;;10001.0;1023.0
0;73500;BANANAS;4898;12;4894;6;4893;25;4899;25;;;;;4898.5;857.921875
0;73600;PEARLS;9995;30;;;;;9998;1;10005;30;;;9996.5;1023.0
0;73600;BANANAS;4893;30;;;;;4900;30;;;;;4896.5;882.08203125
0;73700;PEARLS;10002;4;9995;25;;;10005;25;;;;;10003.5;1025.0
0;73700;BANANAS;4892;25;;;;;4899;25;;;;;4895.5;882.62109375
0;73800;PEARLS;9998;1;9996;1;9995;21;10004;1;10005;21;;;10001.0;1033.0
0;73800;BANANAS;4893;1;4892;22;;;4899;22;;;;;4896.0;881.1953125
0;73900;PEARLS;9995;27;;;;;10005;27;;;;;10000.0;1033.0
0;73900;BANANAS;4892;27;;;;;4899;27;;;;;4895.5;917.97265625
0;74000;PEARLS;10000;5;9996;2;9995;27;10004;2;10005;27;;;10002.0;1041.0
0;74000;BANANAS;4892;29;;;;;4893;2;4898;2;4899;27;4892.5;926.77734375
0;74100;PEARLS;9998;5;9996;1;9995;23;10004;1;10005;23;;;10001.0;1041.0
0;74100;BANANAS;4892;29;;;;;4898;24;;;;;4895.0;933.3359375
0;74200;PEARLS;9996;1;9995;30;;;10002;1;10004;1;10005;30;9999.0;1041.0
0;74200;BANANAS;4892;1;4891;30;;;4896;1;4898;31;;;4894.0;943.2197265625
0;74300;PEARLS;9998;6;9996;1;9995;26;10004;1;10005;26;;;10001.0;1043.0
0;74300;BANANAS;4897;1;4892;8;4891;26;4898;27;;;;;4897.5;943.13671875
0;74400;PEARLS;9996;2;9995;21;;;10004;2;10005;21;;;10000.0;1046.0
0;74400;BANANAS;4891;23;;;;;4898;23;;;;;4894.5;946.16796875
0;74500;PEARLS;9996;2;9995;24;;;10004;2;10005;24;;;10000.0;1046.0
0;74500;BANANAS;4896;1;4895;1;4891;26;4897;26;;;;;4896.5;946.9775390625
0;74600;PEARLS;9996;2;9995;27;;;9998;2;10004;2;10005;27;9997.0;1046.0
0;74600;BANANAS;4891;2;4890;27;;;4897;29;;;;;4894.0;949.8515625
0;74700;PEARLS;9996;1;9995;26;;;10004;1;10005;26;;;10000.0;1050.0
0;74700;BANANAS;4890;27;;;;;4893;6;4896;1;4897;26;4891.5;951.779296875
0;74800;PEARLS;9996;2;9995;24;;;10004;2;10005;24;;;10000.0;1050.0
0;74800;BANANAS;4890;26;;;;;4896;26;;;;;4893.0;952.107421875
0;74900;PEARLS;9996;1;9995;27;;;10004;1;10005;27;;;10000.0;1050.0
0;74900;BANANAS;4890;28;;;;;4896;1;4897;27;;;4893.0;952.55078125
0;75000;PEARLS;9996;1;9995;21;;;9998;4;10004;1;10005;21;9997.0;1050.0
0;75000;BANANAS;4890;22;;;;;4896;22;;;;;4893.0;951.87890625
0;75100;PEARLS;9996;2;9995;26;;;10002;8;10004;2;10005;26;9999.0;1058.0
0;75100;BANANAS;4890;28;;;;;4895;8;4897;28;;;4892.5;956.228515625
0;75200;PEARLS;9996;1;9995;30;;;10004;1;10005;30;;;10000.0;1058.0
0;75200;BANANAS;4890;31;;;;;4893;6;4897;31;;;4891.5;956.0703125
0;75300;PEARLS;9998;7;9996;1;9995;26;10004;1;10005;26;;;10001.0;1058.0
0;75300;BANANAS;4892;8;4891;26;;;4898;27;;;;;4895.0;973.30078125
0;75400;PEARLS;9995;25;;;;;10005;25;;;;;10000.0;1058.0
0;75400;BANANAS;4892;25;;;;;4899;25;;;;;4895.5;977.671875
0;75500;PEARLS;9996;1;9995;22;;;10004;1;10005;22;;;10000.0;1058.0
0;75500;BANANAS;4892;23;;;;;4898;23;;;;;4895.0;974.28125
0;75600;PEARLS;9996;2;9995;23;;;9998;9;10004;2;10005;23;9997.0;1064.0
0;75600;BANANAS;4892;25;;;;;4898;2;4899;23;;;4895.0;980.015625
0;75700;PEARLS;9996;2;9995;25;;;10004;2;10005;25;;;10000.0;1074.0
0;75700;BANANAS;4898;1;4892;27;;;4899;27;;;;;4898.5;986.3046875
0;75800;PEARLS;9996;2;9995;26;;;10002;3;10004;2;10005;26;9999.0;1080.0
0;75800;BANANAS;4892;28;;;;;4897;2;4899;28;;;4894.5;986.453125
0;75900;PEARLS;9996;2;9995;22;;;10004;2;10005;22;;;10000.0;1080.0
0;75900;BANANAS;4892;24;;;;;4893;3;4898;24;;;4892.5;987.296875
0;76000;PEARLS;9998;8;9996;1;9995;30;10004;1;10005;30;;;10001.0;1080.0
0;76000;BANANAS;4893;8;4892;31;;;4898;31;;;;;4895.5;993.8125
0;76100;PEARLS;10002;1;9995;28;;;10005;28;;;;;10003.5;1080.0
0;76100;BANANAS;4892;28;;;;;4899;28;;;;;4895.5;997.0859375
0;76200;PEARLS;9998;9;9995;28;;;10005;28;;;;;10001.5;1082.0
0;76200;BANANAS;4893;9;4892;28;;;4899;28;;;;;4896.0;1002.1484375
0;76300;PEARLS;9998;7;9996;1;9995;21;10004;1;10005;21;;;10001.0;1082.0
0;76300;BANANAS;4893;7;4892;22;;;4899;22;;;;;4896.0;1001.6015625
0;76400;PEARLS;9995;28;;;;;10005;28;;;;;10000.0;1082.0
0;76400;BANANAS;4892;28;;;;;4899;28;;;;;4895.5;1008.0078125
0;76500;BANANAS;4893;28;;;;;4900;28;;;;;4896.5;1012.4140625
0;76500;PEARLS;10000;2;9995;28;;;10005;28;;;;;10002.5;1082.0
0;76600;BANANAS;4893;29;;;;;4900;29;;;;;4896.5;1021.1640625
0;76600;PEARLS;9995;29;;;;;10005;29;;;;;10000.0;1082.0
0;76700;PEARLS;9998;9;9996;1;9995;30;10004;1;10005;30;;;10001.0;1082.0
0;76700;BANANAS;4896;2;4894;9;4893;31;4900;31;;;;;4898.0;1020.640625
0;76800;PEARLS;9995;25;;;;;10002;6;10005;25;;;9998.5;1083.0
0;76800;BANANAS;4893;25;;;;;4898;6;4900;25;;;4895.5;1024.2578125
0;76900;BANANAS;4894;4;4893;27;;;4900;29;;;;;4897.0;1026.5625
0;76900;PEARLS;9998;3;9996;2;9995;27;10004;2;10005;27;;;10001.0;1083.0
0;77000;BANANAS;4893;28;;;;;4900;28;;;;;4896.5;1027.9453125
0;77000;PEARLS;9995;28;;;;;10005;28;;;;;10000.0;1083.0
0;77100;PEARLS;9998;10;9995;22;;;10005;22;;;;;10001.5;1083.0
0;77100;BANANAS;4895;10;4894;22;;;4900;22;;;;;4897.5;1031.7890625
0;77200;PEARLS;9995;30;;;;;10005;30;;;;;10000.0;1083.0
0;77200;BANANAS;4894;30;;;;;4901;30;;;;;4897.5;1042.5
0;77300;BANANAS;4895;4;4894;25;;;4901;26;;;;;4898.0;1043.90625
0;77300;PEARLS;9998;4;9996;1;9995;25;10004;1;10005;25;;;10001.0;1083.0
0;77400;BANANAS;4894;29;;;;;4901;29;;;;;4897.5;1040.9375
0;77400;PEARLS;9996;2;9995;27;;;10004;2;10005;27;;;10000.0;1083.0
0;77500;PEARLS;9996;1;9995;23;;;10004;1;10005;23;;;10000.0;1083.0
0;77500;BANANAS;4895;24;;;;;4901;24;;;;;4898.0;1047.3828125
0;77600;PEARLS;9998;3;9995;30;;;10005;30;;;;;10001.5;1083.0
0;77600;BANANAS;4895;3;4894;30;;;4901;30;;;;;4898.0;1042.0078125
0;77700;BANANAS;4894;31;;;;;4901;31;;;;;4897.5;1040.1875
0;77700;PEARLS;10002;1;9996;1;9995;30;10004;1;10005;30;;;10003.0;1083.0
0;77800;BANANAS;4895;2;4894;31;;;4901;31;;;;;4898.0;1041.609375
0;77800;PEARLS;9998;2;9996;2;9995;29;10004;2;10005;29;;;10001.0;1085.0
0;77900;PEARLS;9996;2;9995;24;;;9998;1;10002;7;10004;2;9997.0;1085.0
0;77900;BANANAS;4895;2;4894;24;;;4899;6;4901;26;;;4897.0;1044.3984375
0;78000;PEARLS;9995;21;;;;;10005;21;;;;;10000.0;1087.0
0;78000;BANANAS;4894;21;;;;;4901;21;;;;;4897.5;1044.546875
0;78100;PEARLS;9995;24;;;;;10005;24;;;;;10000.0;1087.0
0;78100;BANANAS;4895;23;;;;;4901;24;;;;;4898.0;1047.3671875
0;78200;PEARLS;10002;1;9995;24;;;10005;24;;;;;10003.5;1087.0
0;78200;BANANAS;4899;1;4894;24;;;4901;24;;;;;4900.0;1039.6875
0;78300;PEARLS;9995;25;;;;;10005;25;;;;;10000.0;1089.0
0;78300;BANANAS;4894;25;;;;;4900;25;;;;;4897.0;1033.8828125
0;78400;PEARLS;9995;25;;;;;10005;25;;;;;10000.0;1089.0
0;78400;BANANAS;4894;25;;;;;4901;25;;;;;4897.5;1036.421875
0;78500;PEARLS;9996;2;9995;23;;;10004;2;10005;23;;;10000.0;1089.0
0;78500;BANANAS;4894;2;4893;23;;;4900;25;;;;;4897.0;1031.171875
0;78600;PEARLS;9996;2;9995;23;;;10002;5;10004;2;10005;23;9999.0;1098.0
0;78600;BANANAS;4894;25;;;;;4898;5;4900;25;;;4896.0;1033.0
0;78700;PEARLS;9996;1;9995;25;;;10004;1;10005;25;;;10000.0;1098.0
