day;timestamp;product;bid_price_1;bid_volume_1;bid_price_2;bid_volume_2;bid_price_3;bid_volume_3;ask_price_1;ask_volume_1;ask_price_2;ask_volume_2;ask_price_3;ask_volume_3;mid_price;profit_and_loss
1;0;BANANAS;4871;9;4870;23;;;4877;23;;;;;4874.0;0.0
1;0;PEARLS;9998;9;9995;23;;;10005;23;;;;;10001.5;0.0
1;100;BANANAS;4875;1;4871;4;4870;22;4877;22;;;;;4876.0;0.0
1;100;PEARLS;10002;1;10000;2;9998;4;10004;1;10005;21;;;10003.0;0.0
1;200;BANANAS;4870;22;;;;;4876;22;;;;;4873.0;0.0
1;200;PEARLS;9996;1;9995;21;;;10004;1;10005;21;;;10000.0;2.0
1;300;BANANAS;4873;1;4868;26;;;4875;26;;;;;4874.0;3.53173828125
1;300;PEARLS;9995;26;;;;;10005;26;;;;;10000.0;5.0
1;400;BANANAS;4870;8;4869;28;;;4871;5;4875;28;;;4870.5;3.005859375
1;400;PEARLS;9998;8;9996;2;9995;26;10004;2;10005;26;;;10001.0;5.0
1;500;BANANAS;4874;1;4870;8;4869;24;4875;1;4876;23;;;4874.5;2.880859375
1;500;PEARLS;9998;8;9996;1;9995;23;10004;1;10005;23;;;10001.0;5.0
1;600;BANANAS;4868;30;;;;;4875;30;;;;;4871.5;3.3564453125
1;600;PEARLS;9996;2;9995;28;;;10004;2;10005;28;;;10000.0;5.0
1;700;BANANAS;4868;23;;;;;4869;1;4875;23;;;4868.5;3.4677734375
1;700;PEARLS;9996;1;9995;22;;;10004;1;10005;22;;;10000.0;5.0
1;800;PEARLS;9996;1;9995;24;;;10000;3;10004;1;10005;24;9998.0;5.0
1;800;BANANAS;4871;1;4869;1;4868;24;4875;25;;;;;4873.0;3.0947265625
1;900;BANANAS;4869;1;4868;20;;;4875;21;;;;;4872.0;3.30224609375
1;900;PEARLS;9996;1;9995;20;;;9998;11;10004;1;10005;20;9997.0;5.0
1;1000;PEARLS;9996;1;9995;30;;;10004;1;10005;30;;;10000.0;27.0
1;1000;BANANAS;4868;31;;;;;4875;31;;;;;4871.5;3.55615234375
1;1100;BANANAS;4868;22;;;;;4873;6;4875;22;;;4870.5;28.4375
1;1100;PEARLS;9996;1;9995;21;;;10002;6;10004;1;10005;21;9999.0;27.0
1;1200;PEARLS;9996;1;9995;22;;;10004;1;10005;22;;;10000.0;27.0
1;1200;BANANAS;4868;22;;;;;4874;1;4875;22;;;4871.0;31.55078125
1;1300;BANANAS;4867;25;;;;;4874;25;;;;;4870.5;35.171875
1;1300;PEARLS;10002;1;9995;25;;;10005;25;;;;;10003.5;27.0
1;1400;PEARLS;9995;23;;;;;10000;6;10005;23;;;9997.5;29.0
1;1400;BANANAS;4868;23;;;;;4875;23;;;;;4871.5;24.2578125
1;1500;BANANAS;4874;1;4869;21;;;4875;21;;;;;4874.5;23.44140625
1;1500;PEARLS;9996;1;9995;20;;;9998;4;10004;1;10005;20;9997.0;29.0
1;1600;PEARLS;9996;2;9995;28;;;10004;2;10005;28;;;10000.0;37.0
1;1600;BANANAS;4869;2;4868;28;;;4875;30;;;;;4872.0;27.75
1;1700;BANANAS;4868;28;;;;;4870;2;4875;28;;;4869.0;31.34375
1;1700;PEARLS;9995;28;;;;;10005;28;;;;;10000.0;37.0
1;1800;PEARLS;10000;4;9995;23;;;10002;10;10005;23;;;10001.0;37.0
1;1800;BANANAS;4868;23;;;;;4872;10;4874;23;;;4870.0;38.765625
1;1900;BANANAS;4868;31;;;;;4874;32;;;;;4871.0;38.7890625
1;1900;PEARLS;9996;2;9995;30;;;10004;2;10005;30;;;10000.0;37.0
1;2000;PEARLS;9996;2;9995;21;;;10004;2;10005;21;;;10000.0;37.0
1;2000;BANANAS;4868;23;;;;;4875;23;;;;;4871.5;32.70703125
1;2100;BANANAS;4868;28;;;;;4875;28;;;;;4871.5;33.09765625
1;2100;PEARLS;9996;2;9995;26;;;10004;2;10005;26;;;10000.0;37.0
1;2200;PEARLS;9996;1;9995;20;;;9998;4;10004;1;10005;20;9997.0;37.0
1;2200;BANANAS;4868;21;;;;;4875;21;;;;;4871.5;32.48046875
1;2300;PEARLS;9996;2;9995;22;;;10004;2;10005;22;;;10000.0;45.0
1;2300;BANANAS;4868;24;;;;;4871;1;4874;2;4875;22;4869.5;36.59375
1;2400;PEARLS;9996;2;9995;20;;;10004;2;10005;20;;;10000.0;45.0
1;2400;BANANAS;4868;22;;;;;4874;2;4875;20;;;4871.0;38.2265625
1;2500;PEARLS;9998;3;9996;2;9995;21;10004;2;10005;21;;;10001.0;45.0
1;2500;BANANAS;4868;5;4867;21;;;4874;23;;;;;4871.0;39.7421875
1;2600;PEARLS;10002;1;9996;1;9995;29;10004;1;10005;29;;;10003.0;45.0
1;2600;BANANAS;4867;30;;;;;4872;4;4874;30;;;4869.5;43.1875
1;2700;PEARLS;9998;7;9996;2;9995;21;10004;2;10005;21;;;10001.0;47.0
1;2700;BANANAS;4868;7;4867;23;;;4874;23;;;;;4871.0;48.078125
1;2800;PEARLS;9995;27;;;;;10005;27;;;;;10000.0;47.0
1;2800;BANANAS;4868;27;;;;;4875;27;;;;;4871.5;36.9921875
1;2900;PEARLS;9996;2;9995;20;;;10004;2;10005;20;;;10000.0;47.0
1;2900;BANANAS;4869;2;4868;20;;;4875;22;;;;;4872.0;27.4765625
1;3000;BANANAS;4874;1;4869;30;;;4876;30;;;;;4875.0;18.9453125
1;3000;PEARLS;9996;1;9995;29;;;10004;1;10005;29;;;10000.0;47.0
1;3100;BANANAS;4870;6;4869;28;;;4875;1;4876;27;;;4872.5;22.9453125
1;3100;PEARLS;9998;5;9996;1;9995;27;10004;1;10005;27;;;10001.0;47.0
1;3200;BANANAS;4869;24;;;;;4876;24;;;;;4872.5;19.3125
1;3200;PEARLS;10002;2;9995;24;;;10005;24;;;;;10003.5;47.0
1;3300;BANANAS;4869;1;4868;24;;;4875;25;;;;;4872.0;28.09375
1;3300;PEARLS;10002;1;9996;1;9995;24;10004;1;10005;24;;;10003.0;51.0
1;3400;PEARLS;9998;10;9996;2;9995;27;10004;2;10005;27;;;10001.0;53.0
1;3400;BANANAS;4870;10;4869;29;;;4876;29;;;;;4873.0;16.7890625
1;3500;PEARLS;9995;26;;;;;10002;10;10005;26;;;9998.5;53.0
1;3500;BANANAS;4872;4;4869;26;;;4874;10;4876;26;;;4873.0;20.046875
1;3600;PEARLS;9995;27;;;;;10002;8;10005;27;;;9998.5;53.0
1;3600;BANANAS;4869;27;;;;;4874;8;4876;27;;;4871.5;23.7109375
1;3700;PEARLS;9998;3;9995;25;;;10005;25;;;;;10001.5;53.0
1;3700;BANANAS;4870;4;4869;25;;;4876;25;;;;;4873.0;17.3828125
1;3800;PEARLS;9995;24;;;;;10005;24;;;;;10000.0;53.0
1;3800;BANANAS;4869;24;;;;;4876;24;;;;;4872.5;14.2578125
1;3900;PEARLS;9996;2;9995;24;;;10004;2;10005;24;;;10000.0;53.0
1;3900;BANANAS;4870;26;;;;;4876;26;;;;;4873.0;9.15625
1;4000;PEARLS;10002;1;9996;1;9995;30;10004;1;10005;30;;;10003.0;53.0
1;4000;BANANAS;4870;31;;;;;4871;1;4877;31;;;4870.5;2.453125
1;4100;PEARLS;10000;5;9996;2;9995;22;10002;4;10004;2;10005;22;10001.0;55.0
1;4100;BANANAS;4870;24;;;;;4875;4;4877;24;;;4872.5;5.6484375
1;4200;PEARLS;10002;5;9996;1;9995;28;10004;1;10005;28;;;10003.0;55.0
1;4200;BANANAS;4870;29;;;;;4876;1;4877;28;;;4873.0;8.8828125
1;4300;PEARLS;9995;26;;;;;10002;8;10005;26;;;9998.5;65.0
1;4300;BANANAS;4869;26;;;;;4874;8;4876;26;;;4871.5;16.8671875
1;4400;PEARLS;9995;28;;;;;10005;28;;;;;10000.0;65.0
1;4400;BANANAS;4870;28;;;;;4877;28;;;;;4873.5;5.9296875
1;4500;BANANAS;4871;26;;;;;4877;26;;;;;4874.0;-3.84375
1;4500;PEARLS;9995;26;;;;;10005;26;;;;;10000.0;65.0
1;4600;BANANAS;4870;21;;;;;4877;21;;;;;4873.5;0.4453125
1;4600;PEARLS;9995;21;;;;;10005;21;;;;;10000.0;65.0
1;4700;BANANAS;4872;5;4871;26;;;4878;26;;;;;4875.0;-16.4453125
1;4700;PEARLS;9998;5;9995;26;;;10005;26;;;;;10001.5;65.0
1;4800;BANANAS;4876;1;4871;23;;;4877;23;;;;;4876.5;-3.5859375
1;4800;PEARLS;9996;1;9995;22;;;10004;1;10005;22;;;10000.0;65.0
1;4900;BANANAS;4871;24;;;;;4878;24;;;;;4874.5;-7.4921875
1;4900;PEARLS;9996;2;9995;22;;;10004;2;10005;22;;;10000.0;65.0
1;5000;BANANAS;4872;10;4871;30;;;4878;31;;;;;4875.0;5.8203125
1;5000;PEARLS;9998;9;9996;1;9995;30;10004;1;10005;30;;;10001.0;65.0
1;5100;BANANAS;4871;26;;;;;4878;26;;;;;4874.5;8.38671875
1;5100;PEARLS;9995;26;;;;;10005;26;;;;;10000.0;65.0
1;5200;BANANAS;4872;9;4871;23;;;4878;25;;;;;4875.0;5.05859375
1;5200;PEARLS;10000;5;9998;7;9996;2;10004;2;10005;23;;;10002.0;65.0
1;5300;PEARLS;9995;22;;;;;9998;12;10005;22;;;9996.5;65.0
1;5300;BANANAS;4872;22;;;;;4879;22;;;;;4875.5;2.03125
1;5400;PEARLS;9995;30;;;;;10005;30;;;;;10000.0;89.0
1;5400;BANANAS;4872;30;;;;;4879;30;;;;;4875.5;3.29296875
1;5500;BANANAS;4872;29;;;;;4879;29;;;;;4875.5;14.6328125
1;5500;PEARLS;9996;1;9995;28;;;10004;1;10005;28;;;10000.0;93.0
1;5600;BANANAS;4873;2;4872;25;;;4879;25;;;;;4876.0;15.3828125
1;5600;PEARLS;9998;2;9996;2;9995;23;10004;2;10005;23;;;10001.0;99.0
1;5700;PEARLS;9996;1;9995;30;;;10004;1;10005;30;;;10000.0;99.0
1;5700;BANANAS;4877;4;4873;1;4872;30;4879;31;;;;;4878.0;8.7265625
1;5800;PEARLS;9996;2;9995;28;;;10004;2;10005;28;;;10000.0;99.0
1;5800;BANANAS;4872;30;;;;;4875;2;4879;30;;;4873.5;19.9375
1;5900;BANANAS;4872;23;;;;;4878;2;4879;21;;;4875.0;25.3828125
1;5900;PEARLS;9996;2;9995;21;;;10004;2;10005;21;;;10000.0;99.0
1;6000;BANANAS;4872;30;;;;;4877;10;4879;30;;;4874.5;21.0234375
1;6000;PEARLS;9995;30;;;;;10002;10;10005;30;;;9998.5;99.0
1;6100;PEARLS;9996;1;9995;24;;;10004;1;10005;24;;;10000.0;99.0
1;6100;BANANAS;4873;1;4872;24;;;4879;25;;;;;4876.0;15.328125
1;6200;PEARLS;9998;3;9996;1;9995;29;10004;1;10005;29;;;10001.0;99.0
1;6200;BANANAS;4878;1;4874;3;4873;30;4879;1;4880;29;;;4878.5;9.4921875
1;6300;BANANAS;4873;22;;;;;4875;3;4879;22;;;4874.0;15.046875
1;6300;PEARLS;9995;22;;;;;10005;22;;;;;10000.0;99.0
1;6400;BANANAS;4873;24;;;;;4876;2;4878;6;4879;1;4874.5;16.171875
1;6400;PEARLS;9996;1;9995;23;;;10002;6;10004;1;10005;23;9999.0;99.0
1;6500;PEARLS;9995;22;;;;;10005;22;;;;;10000.0;99.0
1;6500;BANANAS;4872;22;;;;;4879;22;;;;;4875.5;20.375
1;6600;PEARLS;9996;2;9995;27;;;10004;2;10005;27;;;10000.0;99.0
1;6600;BANANAS;4873;29;;;;;4879;2;4880;27;;;4876.0;15.5625
1;6700;PEARLS;9996;1;9995;30;;;10004;1;10005;30;;;10000.0;99.0
1;6700;BANANAS;4873;31;;;;;4879;1;4880;30;;;4876.0;14.6640625
1;6800;PEARLS;10000;5;9996;2;9995;29;10004;2;10005;29;;;10002.0;102.0
1;6800;BANANAS;4873;30;;;;;4879;31;;;;;4876.0;18.7265625
1;6900;PEARLS;9996;2;9995;27;;;10004;2;10005;27;;;10000.0;102.0
1;6900;BANANAS;4873;2;4872;27;;;4879;29;;;;;4876.0;20.609375
1;7000;PEARLS;9996;1;9995;30;;;10004;1;10005;30;;;10000.0;102.0
1;7000;BANANAS;4873;31;;;;;4879;31;;;;;4876.0;18.4765625
1;7100;PEARLS;9996;1;9995;30;;;9998;5;10002;7;10004;1;9997.0;102.0
1;7100;BANANAS;4872;31;;;;;4877;7;4878;1;4879;30;4874.5;29.5234375
1;7200;PEARLS;9996;1;9995;22;;;10002;1;10004;1;10005;22;9999.0;112.0
1;7200;BANANAS;4872;23;;;;;4876;2;4878;23;;;4874.0;33.6640625
1;7300;PEARLS;9996;1;9995;25;;;10004;1;10005;25;;;10000.0;112.0
1;7300;BANANAS;4872;26;;;;;4879;26;;;;;4875.5;26.4296875
1;7400;BANANAS;4871;22;;;;;4878;22;;;;;4874.5;38.703125
1;7400;PEARLS;10002;1;9995;22;;;10005;22;;;;;10003.5;112.0
1;7500;BANANAS;4871;29;;;;;4878;29;;;;;4874.5;36.8671875
1;7500;PEARLS;9995;29;;;;;10005;29;;;;;10000.0;114.0
1;7600;BANANAS;4872;27;;;;;4878;27;;;;;4875.0;32.8125
1;7600;PEARLS;10002;1;9995;27;;;10005;27;;;;;10003.5;114.0
1;7700;BANANAS;4871;26;;;;;4876;5;4878;26;;;4873.5;43.15625
1;7700;PEARLS;9996;1;9995;25;;;10002;5;10004;1;10005;25;9999.0;116.0
1;7800;PEARLS;9995;23;;;;;10005;23;;;;;10000.0;116.0
1;7800;BANANAS;4870;23;;;;;4877;23;;;;;4873.5;50.2578125
1;7900;PEARLS;9996;2;9995;22;;;10002;7;10004;2;10005;22;9999.0;116.0
1;7900;BANANAS;4870;24;;;;;4875;7;4876;2;4877;22;4872.5;58.8515625
1;8000;PEARLS;10000;3;9996;2;9995;28;10004;2;10005;28;;;10002.0;116.0
1;8000;BANANAS;4875;1;4870;2;4869;28;4876;30;;;;;4875.5;67.3203125
1;8100;PEARLS;9995;25;;;;;10005;25;;;;;10000.0;116.0
1;8100;BANANAS;4869;25;;;;;4876;25;;;;;4872.5;71.734375
1;8200;PEARLS;9996;2;9995;25;;;10004;2;10005;25;;;10000.0;116.0
1;8200;BANANAS;4871;4;4869;2;4868;25;4875;27;;;;;4873.0;84.90625
1;8300;PEARLS;9998;9;9995;28;;;10005;28;;;;;10001.5;119.0
1;8300;BANANAS;4870;9;4869;28;;;4875;28;;;;;4872.5;81.7734375
1;8400;PEARLS;9998;5;9995;29;;;10005;29;;;;;10001.5;119.0
1;8400;BANANAS;4870;5;4869;29;;;4875;29;;;;;4872.5;81.484375
1;8500;PEARLS;9996;2;9995;25;;;10004;2;10005;25;;;10000.0;119.0
1;8500;BANANAS;4873;3;4869;27;;;4875;2;4876;25;;;4874.0;79.3125
1;8600;PEARLS;9996;2;9995;27;;;10004;2;10005;27;;;10000.0;119.0
1;8600;BANANAS;4869;2;4868;27;;;4875;29;;;;;4872.0;84.1640625
1;8700;PEARLS;9996;2;9995;22;;;10004;2;10005;22;;;10000.0;119.0
1;8700;BANANAS;4873;1;4868;24;;;4874;2;4875;22;;;4873.5;92.2734375
1;8800;PEARLS;9996;1;9995;30;;;10004;1;10005;30;;;10000.0;119.0
1;8800;BANANAS;4868;31;;;;;4875;31;;;;;4871.5;91.53125
1;8900;BANANAS;4868;26;;;;;4875;26;;;;;4871.5;93.6875
1;8900;PEARLS;9995;26;;;;;10005;26;;;;;10000.0;119.0
1;9000;BANANAS;4868;23;;;;;4875;23;;;;;4871.5;94.2265625
1;9000;PEARLS;9995;23;;;;;10005;23;;;;;10000.0;119.0
1;9100;BANANAS;4867;22;;;;;4869;5;4874;22;;;4868.0;102.640625
1;9100;PEARLS;9995;22;;;;;9998;1;10005;22;;;9996.5;119.0
1;9200;BANANAS;4867;27;;;;;4874;27;;;;;4870.5;114.0703125
1;9200;PEARLS;9996;2;9995;25;;;10004;2;10005;25;;;10000.0;121.0
1;9300;BANANAS;4868;1;4867;30;;;4873;30;;;;;4870.5;117.7578125
1;9300;PEARLS;10002;11;9998;1;9996;1;10004;1;10005;29;;;10003.0;121.0
1;9400;BANANAS;4866;30;;;;;4873;30;;;;;4869.5;121.62109375
1;9400;PEARLS;10002;1;9996;2;9995;28;10004;2;10005;28;;;10003.0;143.0
1;9500;BANANAS;4866;26;;;;;4873;26;;;;;4869.5;122.41015625
1;9500;PEARLS;10002;1;9996;2;9995;24;10004;2;10005;24;;;10003.0;145.0
1;9600;BANANAS;4866;21;;;;;4871;6;4873;21;;;4868.5;124.1328125
1;9600;PEARLS;9996;1;9995;20;;;10002;6;10004;1;10005;20;9999.0;147.0
1;9700;BANANAS;4866;31;;;;;4873;31;;;;;4869.5;124.35546875
1;9700;PEARLS;9996;1;9995;30;;;10000;4;10004;1;10005;30;9998.0;147.0
1;9800;PEARLS;9998;1;9996;2;9995;24;10004;2;10005;24;;;10001.0;147.0
1;9800;BANANAS;4867;1;4866;26;;;4873;26;;;;;4870.0;125.22265625
1;9900;BANANAS;4866;24;;;;;4867;9;4873;24;;;4866.5;126.48046875
1;9900;PEARLS;9995;24;;;;;10005;24;;;;;10000.0;147.0
1;10000;PEARLS;9995;27;;;;;10005;27;;;;;10000.0;147.0
1;10000;BANANAS;4866;27;;;;;4873;27;;;;;4869.5;145.921875
1;10100;BANANAS;4866;21;;;;;4873;21;;;;;4869.5;145.9306640625
1;10100;PEARLS;10002;4;9996;1;9995;20;10004;1;10005;20;;;10003.0;147.0
1;10200;PEARLS;9995;20;;;;;10005;20;;;;;10000.0;155.0
1;10200;BANANAS;4866;20;;;;;4873;20;;;;;4869.5;145.1748046875
1;10300;BANANAS;4867;25;;;;;4873;25;;;;;4870.0;145.0810546875
1;10300;PEARLS;9996;1;9995;24;;;10004;1;10005;24;;;10000.0;155.0
1;10400;PEARLS;9995;25;;;;;10005;25;;;;;10000.0;158.0
1;10400;BANANAS;4866;25;;;;;4873;25;;;;;4869.5;147.55859375
1;10500;BANANAS;4866;26;;;;;4873;26;;;;;4869.5;147.455078125
1;10500;PEARLS;9995;26;;;;;10005;26;;;;;10000.0;158.0
1;10600;PEARLS;9995;20;;;;;10005;20;;;;;10000.0;158.0
1;10600;BANANAS;4867;20;;;;;4873;20;;;;;4870.0;147.169921875
1;10700;BANANAS;4866;24;;;;;4873;24;;;;;4869.5;147.255859375
1;10700;PEARLS;9995;24;;;;;9998;3;10005;24;;;9996.5;158.0
1;10800;PEARLS;9995;23;;;;;10002;1;10005;23;;;9998.5;164.0
1;10800;BANANAS;4866;23;;;;;4871;1;4873;23;;;4868.5;147.7265625
1;10900;BANANAS;4866;23;;;;;4873;23;;;;;4869.5;148.529296875
1;10900;PEARLS;9996;1;9995;22;;;10000;6;10004;1;10005;22;9998.0;164.0
1;11000;PEARLS;9996;1;9995;26;;;10004;1;10005;26;;;10000.0;164.0
1;11000;BANANAS;4866;27;;;;;4867;9;4873;27;;;4866.5;148.3671875
1;11100;BANANAS;4866;31;;;;;4871;1;4873;31;;;4868.5;170.62109375
1;11100;PEARLS;9996;1;9995;30;;;10002;1;10004;1;10005;30;9999.0;164.0
1;11200;PEARLS;9996;2;9995;28;;;10004;2;10005;28;;;10000.0;164.0
1;11200;BANANAS;4867;30;;;;;4874;30;;;;;4870.5;176.701171875
1;11300;PEARLS;9996;2;9995;25;;;10002;2;10004;2;10005;25;9999.0;164.0
1;11300;BANANAS;4867;27;;;;;4872;2;4874;27;;;4869.5;176.01171875
1;11400;PEARLS;9995;30;;;;;10005;30;;;;;10000.0;164.0
1;11400;BANANAS;4867;30;;;;;4874;30;;;;;4870.5;177.08203125
1;11500;PEARLS;9996;1;9995;28;;;10004;1;10005;28;;;10000.0;164.0
1;11500;BANANAS;4868;1;4867;28;;;4874;29;;;;;4871.0;178.125
1;11600;PEARLS;9996;2;9995;22;;;10004;2;10005;22;;;10000.0;164.0
1;11600;BANANAS;4868;24;;;;;4874;2;4875;22;;;4871.0;181.294921875
1;11700;PEARLS;10000;4;9996;2;9995;20;10004;2;10005;20;;;10002.0;164.0
1;11700;BANANAS;4868;22;;;;;4874;22;;;;;4871.0;180.07421875
1;11800;PEARLS;9998;10;9996;1;9995;21;10004;1;10005;21;;;10001.0;164.0
1;11800;BANANAS;4869;10;4868;22;;;4874;22;;;;;4871.5;180.23828125
1;11900;BANANAS;4869;1;4868;23;;;4875;23;;;;;4872.0;183.1796875
1;11900;PEARLS;10002;1;10000;4;9998;1;10004;1;10005;22;;;10003.0;164.0
1;12000;BANANAS;4868;28;;;;;4875;28;;;;;4871.5;183.07421875
1;12000;PEARLS;9996;1;9995;27;;;10004;1;10005;27;;;10000.0;166.0
1;12100;BANANAS;4868;25;;;;;4874;2;4875;23;;;4871.0;181.5
1;12100;PEARLS;9996;2;9995;23;;;9998;8;10004;2;10005;23;9997.0;166.0
1;12200;BANANAS;4868;25;;;;;4874;2;4875;23;;;4871.0;181.763671875
1;12200;PEARLS;9996;2;9995;23;;;10004;2;10005;23;;;10000.0;182.0
1;12300;PEARLS;9996;1;9995;24;;;10002;3;10004;1;10005;24;9999.0;182.0
1;12300;BANANAS;4868;25;;;;;4873;3;4874;1;4875;24;4870.5;181.87109375
1;12400;PEARLS;10002;1;9998;5;9995;29;10005;29;;;;;10003.5;182.0
1;12400;BANANAS;4869;5;4868;29;;;4875;29;;;;;4872.0;182.68359375
1;12500;PEARLS;10000;3;9996;1;9995;22;10004;1;10005;22;;;10002.0;184.0
1;12500;BANANAS;4867;23;;;;;4873;1;4874;22;;;4870.0;175.203125
1;12600;PEARLS;10000;4;9995;26;;;10005;26;;;;;10002.5;184.0
1;12600;BANANAS;4867;26;;;;;4874;26;;;;;4870.5;175.34765625
1;12700;PEARLS;10002;1;9996;1;9995;27;10004;1;10005;27;;;10003.0;184.0
1;12700;BANANAS;4867;28;;;;;4872;1;4873;1;4874;27;4869.5;175.423828125
1;12800;PEARLS;10000;4;9996;2;9995;28;10002;9;10004;2;10005;28;10001.0;186.0
1;12800;BANANAS;4867;30;;;;;4872;9;4874;30;;;4869.5;177.16796875
1;12900;PEARLS;9996;2;9995;21;;;10002;4;10004;2;10005;21;9999.0;186.0
1;12900;BANANAS;4867;23;;;;;4872;4;4874;23;;;4869.5;176.63671875
1;13000;PEARLS;9996;2;9995;30;;;10002;2;10004;2;10005;30;9999.0;186.0
1;13000;BANANAS;4867;32;;;;;4872;2;4873;2;4874;30;4869.5;174.60546875
1;13100;PEARLS;9995;21;;;;;10000;2;10005;21;;;9997.5;186.0
1;13100;BANANAS;4867;21;;;;;4873;21;;;;;4870.0;174.240234375
1;13200;PEARLS;9998;9;9996;2;9995;29;10004;2;10005;29;;;10001.0;186.0
1;13200;BANANAS;4871;1;4867;9;4866;31;4873;31;;;;;4872.0;171.3671875
1;13300;PEARLS;10002;2;9996;1;9995;22;10004;1;10005;22;;;10003.0;186.0
1;13300;BANANAS;4866;1;4865;22;;;4872;23;;;;;4869.0;168.876953125
1;13400;BANANAS;4865;26;;;;;4872;26;;;;;4868.5;168.171875
1;13400;PEARLS;9995;26;;;;;10005;26;;;;;10000.0;190.0
1;13500;BANANAS;4870;5;4866;1;4865;24;4872;25;;;;;4871.0;169.279296875
1;13500;PEARLS;9996;1;9995;24;;;10004;1;10005;24;;;10000.0;190.0
1;13600;BANANAS;4866;26;;;;;4870;6;4872;26;;;4868.0;175.0
1;13600;PEARLS;9996;2;9995;24;;;10002;6;10004;2;10005;24;9999.0;190.0
1;13700;BANANAS;4870;2;4865;28;;;4872;28;;;;;4871.0;175.0
1;13700;PEARLS;10002;1;9995;28;;;10005;28;;;;;10003.5;190.0
1;13800;BANANAS;4867;1;4866;23;;;4873;23;;;;;4870.0;176.0625
1;13800;PEARLS;9998;1;9995;23;;;10005;23;;;;;10001.5;192.0
1;13900;BANANAS;4866;21;;;;;4873;21;;;;;4869.5;175.8017578125
1;13900;PEARLS;9996;1;9995;20;;;10004;1;10005;20;;;10000.0;192.0
1;14000;BANANAS;4868;1;4867;29;;;4873;1;4874;28;;;4870.5;174.6484375
1;14000;PEARLS;10002;6;9998;1;9996;1;10004;1;10005;28;;;10003.0;192.0
1;14100;BANANAS;4867;22;;;;;4872;4;4874;22;;;4869.5;175.5595703125
1;14100;PEARLS;9996;2;9995;20;;;10002;4;10004;2;10005;20;9999.0;204.0
1;14200;BANANAS;4867;21;;;;;4874;21;;;;;4870.5;175.59912109375
1;14200;PEARLS;9995;21;;;;;10005;21;;;;;10000.0;204.0
1;14300;PEARLS;9996;1;9995;21;;;10004;1;10005;21;;;10000.0;204.0
1;14300;BANANAS;4871;2;4867;22;;;4873;1;4874;21;;;4872.0;175.75390625
1;14400;PEARLS;10002;4;9996;2;9995;21;10004;2;10005;21;;;10003.0;204.0
1;14400;BANANAS;4867;22;;;;;4873;23;;;;;4870.0;178.0029296875
1;14500;BANANAS;4867;1;4866;28;;;4871;10;4873;29;;;4869.0;182.31494140625
1;14500;PEARLS;9996;1;9995;28;;;10002;10;10004;1;10005;28;9999.0;212.0
1;14600;BANANAS;4866;27;;;;;4867;10;4873;28;;;4866.5;182.3203125
1;14600;PEARLS;9996;1;9995;27;;;10004;1;10005;27;;;10000.0;212.0
1;14700;PEARLS;9996;1;9995;23;;;10004;1;10005;23;;;10000.0;212.0
1;14700;BANANAS;4866;1;4865;23;;;4872;24;;;;;4869.0;202.1171875
1;14800;PEARLS;9996;1;9995;30;;;9998;1;10004;1;10005;30;9997.0;212.0
1;14800;BANANAS;4866;31;;;;;4868;4;4872;31;;;4867.0;202.30859375
1;14900;BANANAS;4865;26;;;;;4870;1;4872;26;;;4867.5;201.453125
1;14900;PEARLS;9996;1;9995;25;;;10002;1;10004;1;10005;25;9999.0;214.0
1;15000;BANANAS;4865;26;;;;;4871;2;4872;25;;;4868.0;196.9765625
1;15000;PEARLS;9996;2;9995;25;;;10004;2;10005;25;;;10000.0;214.0
1;15100;PEARLS;9996;1;9995;20;;;9998;1;10004;1;10005;20;9997.0;214.0
1;15100;BANANAS;4864;21;;;;;4871;21;;;;;4867.5;189.0625
1;15200;PEARLS;10000;4;9996;2;9995;21;10002;4;10004;2;10005;21;10001.0;216.0
1;15200;BANANAS;4868;3;4864;23;;;4869;4;4871;23;;;4868.5;187.34765625
1;15300;BANANAS;4864;24;;;;;4869;7;4870;2;4871;22;4866.5;184.78125
1;15300;PEARLS;9996;2;9995;22;;;10002;7;10004;2;10005;22;9999.0;216.0
1;15400;BANANAS;4864;30;;;;;4871;30;;;;;4867.5;185.5390625
1;15400;PEARLS;9995;30;;;;;10005;30;;;;;10000.0;216.0
1;15500;PEARLS;9995;25;;;;;9998;11;10005;25;;;9996.5;216.0
1;15500;BANANAS;4864;25;;;;;4871;25;;;;;4867.5;217.6240234375
1;15600;PEARLS;9996;1;9995;22;;;10004;1;10005;22;;;10000.0;238.0
1;15600;BANANAS;4864;23;;;;;4870;1;4871;22;;;4867.0;217.1279296875
1;15700;PEARLS;9996;2;9995;28;;;10004;2;10005;28;;;10000.0;238.0
1;15700;BANANAS;4864;2;4863;28;;;4870;30;;;;;4867.0;216.8251953125
1;15800;PEARLS;9998;6;9996;2;9995;26;10004;2;10005;26;;;10001.0;238.0
1;15800;BANANAS;4864;6;4863;28;;;4870;28;;;;;4867.0;216.33837890625
1;15900;PEARLS;9996;1;9995;20;;;10002;8;10004;1;10005;20;9999.0;244.0
1;15900;BANANAS;4864;21;;;;;4868;8;4870;21;;;4866.0;221.0595703125
1;16000;PEARLS;9996;2;9995;20;;;10004;2;10005;20;;;10000.0;244.0
1;16000;BANANAS;4862;20;;;;;4863;5;4869;22;;;4862.5;222.1123046875
1;16100;PEARLS;9996;1;9995;26;;;10004;1;10005;26;;;10000.0;244.0
1;16100;BANANAS;4863;27;;;;;4869;1;4870;26;;;4866.0;237.62890625
1;16200;PEARLS;9995;27;;;;;10002;4;10005;27;;;9998.5;244.0
1;16200;BANANAS;4863;26;;;;;4868;7;4870;27;;;4865.5;237.896484375
1;16300;BANANAS;4863;22;;;;;4869;1;4870;21;;;4866.0;238.244140625
1;16300;PEARLS;9996;1;9995;21;;;10004;1;10005;21;;;10000.0;244.0
1;16400;BANANAS;4863;27;;;;;4868;6;4870;27;;;4865.5;238.357421875
1;16400;PEARLS;9996;2;9995;25;;;10002;6;10004;2;10005;25;9999.0;250.0
1;16500;BANANAS;4863;22;;;;;4870;22;;;;;4866.5;238.01953125
1;16500;PEARLS;9995;22;;;;;10005;22;;;;;10000.0;250.0
1;16600;BANANAS;4862;26;;;;;4869;26;;;;;4865.5;236.326171875
1;16600;PEARLS;9995;26;;;;;10005;26;;;;;10000.0;250.0
1;16700;PEARLS;10002;1;9998;2;9995;25;10005;25;;;;;10003.5;250.0
1;16700;BANANAS;4864;2;4863;25;;;4870;25;;;;;4867.0;238.447265625
1;16800;PEARLS;10000;2;9996;2;9995;25;10004;2;10005;25;;;10002.0;252.0
1;16800;BANANAS;4863;2;4862;25;;;4869;27;;;;;4866.0;236.38671875
1;16900;PEARLS;9996;2;9995;22;;;10004;2;10005;22;;;10000.0;252.0
1;16900;BANANAS;4862;24;;;;;4868;2;4869;22;;;4865.0;234.15234375
1;17000;PEARLS;9996;1;9995;25;;;10004;1;10005;25;;;10000.0;252.0
1;17000;BANANAS;4862;26;;;;;4869;26;;;;;4865.5;234.71484375
1;17100;PEARLS;9996;1;9995;26;;;10004;1;10005;26;;;10000.0;252.0
1;17100;BANANAS;4862;27;;;;;4869;27;;;;;4865.5;235.63671875
1;17200;PEARLS;9996;1;9995;27;;;10004;1;10005;27;;;10000.0;252.0
1;17200;BANANAS;4861;28;;;;;4868;28;;;;;4864.5;231.19921875
1;17300;PEARLS;9996;1;9995;27;;;10004;1;10005;27;;;10000.0;252.0
1;17300;BANANAS;4861;28;;;;;4868;28;;;;;4864.5;230.435546875
1;17400;PEARLS;9995;25;;;;;9998;11;10005;25;;;9996.5;252.0
1;17400;BANANAS;4861;25;;;;;4868;25;;;;;4864.5;231.29296875
1;17500;PEARLS;9996;2;9995;26;;;10004;2;10005;26;;;10000.0;274.0
1;17500;BANANAS;4861;28;;;;;4867;28;;;;;4864.0;234.939453125
1;17600;PEARLS;9996;1;9995;29;;;10004;1;10005;29;;;10000.0;274.0
1;17600;BANANAS;4861;30;;;;;4867;1;4868;29;;;4864.0;235.2734375
1;17700;PEARLS;9998;2;9995;22;;;10005;22;;;;;10001.5;274.0
1;17700;BANANAS;4862;2;4861;22;;;4868;22;;;;;4865.0;235.8662109375
1;17800;BANANAS;4862;32;;;;;4866;5;4868;32;;;4864.0;237.0625
1;17800;PEARLS;9996;2;9995;30;;;9998;3;10002;5;10004;2;9997.0;274.0
1;17900;BANANAS;4861;21;;;;;4866;2;4868;21;;;4863.5;235.982421875
1;17900;PEARLS;9995;21;;;;;9998;1;10002;3;10005;21;9996.5;276.0
1;18000;BANANAS;4861;24;;;;;4868;24;;;;;4864.5;236.259765625
1;18000;PEARLS;9995;24;;;;;10005;24;;;;;10000.0;276.0
1;18100;BANANAS;4861;30;;;;;4868;30;;;;;4864.5;236.03515625
1;18100;PEARLS;9996;2;9995;28;;;10004;2;10005;28;;;10000.0;276.0
1;18200;BANANAS;4862;25;;;;;4866;10;4868;25;;;4864.0;237.0546875
1;18200;PEARLS;9996;2;9995;23;;;10002;10;10004;2;10005;23;9999.0;276.0
1;18300;BANANAS;4862;20;;;;;4869;20;;;;;4865.5;237.6484375
1;18300;PEARLS;9995;20;;;;;10005;20;;;;;10000.0;285.0
1;18400;BANANAS;4868;1;4862;22;;;4869;22;;;;;4868.5;238.2841796875
1;18400;PEARLS;9996;1;9995;21;;;10004;1;10005;21;;;10000.0;285.0
1;18500;BANANAS;4867;1;4862;23;;;4869;23;;;;;4868.0;240.36572265625
1;18500;PEARLS;9996;2;9995;21;;;10004;2;10005;21;;;10000.0;285.0
1;18600;PEARLS;9996;1;9995;21;;;10004;1;10005;21;;;10000.0;285.0
1;18600;BANANAS;4863;1;4862;21;;;4869;22;;;;;4866.0;242.0
1;18700;BANANAS;4862;30;;;;;4869;30;;;;;4865.5;242.0
1;18700;PEARLS;10002;1;9995;30;;;10005;30;;;;;10003.5;285.0
1;18800;PEARLS;9995;24;;;;;10002;7;10005;24;;;9998.5;287.0
1;18800;BANANAS;4862;24;;;;;4867;7;4868;24;;;4864.5;242.0
1;18900;BANANAS;4866;8;4861;25;;;4868;25;;;;;4867.0;242.0
1;18900;PEARLS;10002;1;9995;25;;;10005;25;;;;;10003.5;287.0
1;19000;PEARLS;9996;1;9995;30;;;10004;1;10005;30;;;10000.0;289.0
1;19000;BANANAS;4862;31;;;;;4868;31;;;;;4865.0;249.52734375
1;19100;BANANAS;4862;23;;;;;4869;23;;;;;4865.5;247.25390625
1;19100;PEARLS;9996;2;9995;21;;;10004;2;10005;21;;;10000.0;289.0
1;19200;PEARLS;9995;26;;;;;10002;1;10005;26;;;9998.5;289.0
1;19200;BANANAS;4862;26;;;;;4867;1;4869;26;;;4864.5;246.75
1;19300;BANANAS;4863;2;4862;25;;;4868;2;4869;23;;;4865.5;248.64453125
1;19300;PEARLS;9996;2;9995;23;;;9998;6;10004;2;10005;23;9997.0;289.0
1;19400;PEARLS;9996;2;9995;24;;;10002;5;10004;2;10005;24;9999.0;301.0
1;19400;BANANAS;4862;26;;;;;4867;5;4868;26;;;4864.5;263.361328125
1;19500;BANANAS;4862;23;;;;;4869;23;;;;;4865.5;263.92578125
1;19500;PEARLS;9995;23;;;;;10005;23;;;;;10000.0;301.0
1;19600;PEARLS;10002;1;9998;5;9996;1;10004;1;10005;26;;;10003.0;301.0
1;19600;BANANAS;4862;27;;;;;4863;4;4869;27;;;4862.5;265.322265625
1;19700;BANANAS;4862;31;;;;;4869;31;;;;;4865.5;274.0234375
1;19700;PEARLS;9996;2;9995;29;;;10004;2;10005;29;;;10000.0;303.0
1;19800;PEARLS;9996;2;9995;26;;;10004;2;10005;26;;;10000.0;303.0
1;19800;BANANAS;4862;28;;;;;4868;28;;;;;4865.0;270.7109375
1;19900;BANANAS;4862;1;4861;22;;;4868;23;;;;;4865.0;268.3359375
1;19900;PEARLS;9996;1;9995;22;;;9998;1;10004;1;10005;22;9997.0;303.0
1;20000;PEARLS;9995;26;;;;;9998;1;10005;26;;;9996.5;305.0
1;20000;BANANAS;4862;26;;;;;4863;12;4868;26;;;4862.5;271.35546875
1;20100;PEARLS;9996;1;9995;29;;;9998;4;10004;1;10005;29;9997.0;307.0
1;20100;BANANAS;4862;30;;;;;4868;30;;;;;4865.0;293.25
1;20200;PEARLS;10002;1;9995;20;;;10005;20;;;;;10003.5;315.0
1;20200;BANANAS;4861;20;;;;;4868;20;;;;;4864.5;282.5625
1;20300;PEARLS;10002;4;9995;24;;;10005;24;;;;;10003.5;317.0
1;20300;BANANAS;4860;24;;;;;4867;24;;;;;4863.5;271.078125
1;20400;PEARLS;10002;2;9996;1;9995;27;10004;1;10005;27;;;10003.0;325.0
1;20400;BANANAS;4861;28;;;;;4867;28;;;;;4864.0;274.546875
1;20500;PEARLS;9998;7;9996;1;9995;25;10004;1;10005;25;;;10001.0;329.0
1;20500;BANANAS;4861;8;4860;25;;;4867;26;;;;;4864.0;267.578125
1;20600;PEARLS;9996;1;9995;24;;;9998;4;10002;5;10004;1;9997.0;329.0
1;20600;BANANAS;4860;25;;;;;4865;5;4866;1;4867;24;4862.5;259.375
1;20700;PEARLS;9995;30;;;;;10005;30;;;;;10000.0;337.0
1;20700;BANANAS;4860;30;;;;;4867;30;;;;;4863.5;259.421875
1;20800;BANANAS;4860;2;4859;24;;;4866;26;;;;;4863.0;249.1796875
1;20800;PEARLS;9996;2;9995;24;;;10004;2;10005;24;;;10000.0;337.0
1;20900;BANANAS;4860;30;;;;;4866;31;;;;;4863.0;253.140625
1;20900;PEARLS;9996;2;9995;29;;;10004;2;10005;29;;;10000.0;337.0
1;21000;BANANAS;4860;26;;;;;4861;13;4863;5;4866;1;4860.5;257.28125
1;21000;PEARLS;9996;1;9995;25;;;10004;1;10005;25;;;10000.0;337.0
1;21100;BANANAS;4860;28;;;;;4866;28;;;;;4863.0;251.46875
1;21100;PEARLS;9995;28;;;;;10000;2;10005;28;;;9997.5;337.0
1;21200;PEARLS;9995;29;;;;;9998;1;10005;29;;;9996.5;337.0
1;21200;BANANAS;4865;1;4859;29;;;4866;29;;;;;4865.5;248.734375
1;21300;PEARLS;9995;22;;;;;10005;22;;;;;10000.0;339.0
1;21300;BANANAS;4859;22;;;;;4866;22;;;;;4862.5;248.5546875
1;21400;PEARLS;9996;1;9995;29;;;10004;1;10005;29;;;10000.0;339.0
1;21400;BANANAS;4859;30;;;;;4866;30;;;;;4862.5;247.1484375
1;21500;PEARLS;9996;2;9995;28;;;10004;2;10005;28;;;10000.0;339.0
1;21500;BANANAS;4859;30;;;;;4866;30;;;;;4862.5;247.5390625
1;21600;PEARLS;9998;5;9996;2;9995;20;10004;2;10005;20;;;10001.0;339.0
1;21600;BANANAS;4864;1;4860;5;4859;22;4866;22;;;;;4865.0;248.671875
1;21700;PEARLS;9996;2;9995;25;;;10004;2;10005;25;;;10000.0;339.0
1;21700;BANANAS;4859;27;;;;;4866;27;;;;;4862.5;248.6875
1;21800;PEARLS;9996;1;9995;25;;;10004;1;10005;25;;;10000.0;339.0
1;21800;BANANAS;4859;26;;;;;4866;26;;;;;4862.5;248.90625
1;21900;PEARLS;9995;27;;;;;10002;3;10005;27;;;9998.5;339.0
1;21900;BANANAS;4859;27;;;;;4864;3;4866;27;;;4861.5;248.140625
1;22000;PEARLS;9996;2;9995;20;;;10004;2;10005;20;;;10000.0;339.0
1;22000;BANANAS;4860;22;;;;;4866;2;4867;20;;;4863.0;259.0234375
1;22100;PEARLS;9995;22;;;;;10005;22;;;;;10000.0;339.0
1;22100;BANANAS;4865;1;4860;22;;;4867;22;;;;;4866.0;257.9375
1;22200;PEARLS;10002;1;9995;23;;;10005;23;;;;;10003.5;339.0
1;22200;BANANAS;4860;23;;;;;4867;23;;;;;4863.5;266.109375
1;22300;BANANAS;4860;30;;;;;4867;30;;;;;4863.5;268.4765625
1;22300;PEARLS;9996;2;9995;28;;;10004;2;10005;28;;;10000.0;341.0
1;22400;BANANAS;4860;24;;;;;4865;3;4867;24;;;4862.5;265.828125
1;22400;PEARLS;9996;1;9995;23;;;10002;2;10004;1;10005;23;9999.0;341.0
1;22500;BANANAS;4866;1;4861;2;4860;27;4867;27;;;;;4866.5;269.2421875
1;22500;PEARLS;9998;2;9995;27;;;10005;27;;;;;10001.5;341.0
1;22600;BANANAS;4865;1;4861;5;4860;26;4867;26;;;;;4866.0;270.046875
1;22600;PEARLS;9998;5;9996;1;9995;25;10004;1;10005;25;;;10001.0;341.0
1;22700;BANANAS;4861;1;4860;25;;;4865;9;4867;26;;;4863.0;275.8125
1;22700;PEARLS;9996;1;9995;25;;;10002;9;10004;1;10005;25;9999.0;341.0
1;22800;BANANAS;4861;1;4860;26;;;4867;27;;;;;4864.0;273.328125
1;22800;PEARLS;10002;1;9996;1;9995;26;10004;1;10005;26;;;10003.0;341.0
1;22900;BANANAS;4860;22;;;;;4867;23;;;;;4863.5;287.2890625
1;22900;PEARLS;10002;2;9996;1;9995;22;10004;1;10005;22;;;10003.0;343.0
1;23000;PEARLS;9996;1;9995;20;;;10002;2;10004;1;10005;20;9999.0;347.0
1;23000;BANANAS;4860;21;;;;;4865;2;4867;21;;;4862.5;285.05078125
1;23100;BANANAS;4860;28;;;;;4866;28;;;;;4863.0;281.2734375
1;23100;PEARLS;9996;2;9995;26;;;10004;2;10005;26;;;10000.0;347.0
1;23200;BANANAS;4860;24;;;;;4865;4;4866;1;4867;24;4862.5;283.80859375
1;23200;PEARLS;9996;1;9995;24;;;10002;4;10004;1;10005;24;9999.0;347.0
1;23300;PEARLS;9996;2;9995;21;;;10004;2;10005;21;;;10000.0;347.0
1;23300;BANANAS;4860;23;;;;;4863;4;4866;23;;;4861.5;281.640625
1;23400;PEARLS;9996;1;9995;29;;;10004;1;10005;29;;;10000.0;347.0
1;23400;BANANAS;4860;30;;;;;4867;30;;;;;4863.5;286.2109375
1;23500;BANANAS;4865;1;4860;31;;;4867;31;;;;;4866.0;288.42578125
1;23500;PEARLS;9996;1;9995;30;;;10004;1;10005;30;;;10000.0;347.0
1;23600;BANANAS;4861;1;4860;25;;;4867;27;;;;;4864.0;292.55078125
1;23600;PEARLS;9996;2;9995;25;;;10004;2;10005;25;;;10000.0;347.0
1;23700;PEARLS;9996;1;9995;20;;;10004;1;10005;20;;;10000.0;347.0
1;23700;BANANAS;4866;1;4861;21;;;4867;21;;;;;4866.5;295.9609375
1;23800;PEARLS;9995;22;;;;;10005;22;;;;;10000.0;347.0
1;23800;BANANAS;4862;22;;;;;4869;22;;;;;4865.5;309.2578125
1;23900;BANANAS;4862;27;;;;;4869;27;;;;;4865.5;313.28125
1;23900;PEARLS;9995;27;;;;;10005;27;;;;;10000.0;347.0
1;24000;BANANAS;4862;29;;;;;4869;29;;;;;4865.5;310.89453125
1;24000;PEARLS;9995;29;;;;;10005;29;;;;;10000.0;347.0
1;24100;PEARLS;9996;2;9995;20;;;10004;2;10005;20;;;10000.0;347.0
1;24100;BANANAS;4862;2;4861;20;;;4868;22;;;;;4865.0;306.9375
1;24200;PEARLS;9996;1;9995;23;;;10002;7;10004;1;10005;23;9999.0;347.0
1;24200;BANANAS;4862;24;;;;;4867;7;4869;24;;;4864.5;312.921875
1;24300;BANANAS;4862;26;;;;;4868;27;;;;;4865.0;308.234375
1;24300;PEARLS;10002;1;9995;27;;;10005;27;;;;;10003.5;347.0
1;24400;BANANAS;4861;29;;;;;4868;29;;;;;4864.5;302.5703125
1;24400;PEARLS;9996;1;9995;28;;;10004;1;10005;28;;;10000.0;349.0
1;24500;PEARLS;9996;2;9995;24;;;10002;10;10004;2;10005;24;9999.0;349.0
1;24500;BANANAS;4861;26;;;;;4865;10;4867;26;;;4863.0;348.4453125
1;24600;PEARLS;9996;2;9995;22;;;10002;10;10004;2;10005;22;9999.0;349.0
1;24600;BANANAS;4862;2;4861;22;;;4864;2;4866;10;4868;24;4863.0;343.576171875
1;24700;PEARLS;9996;2;9995;20;;;10004;2;10005;20;;;10000.0;349.0
1;24700;BANANAS;4865;6;4862;22;;;4869;22;;;;;4867.0;342.638671875
1;24800;PEARLS;9995;28;;;;;10005;28;;;;;10000.0;349.0
1;24800;BANANAS;4862;28;;;;;4865;1;4869;28;;;4863.5;337.296875
1;24900;PEARLS;9998;7;9995;24;;;10005;24;;;;;10001.5;349.0
1;24900;BANANAS;4864;7;4863;24;;;4870;24;;;;;4867.0;330.921875
1;25000;PEARLS;10002;1;9996;1;9995;27;10004;1;10005;27;;;10003.0;349.0
1;25000;BANANAS;4863;28;;;;;4869;28;;;;;4866.0;334.68359375
1;25100;PEARLS;9998;8;9996;1;9995;26;10004;1;10005;26;;;10001.0;351.0
1;25100;BANANAS;4867;1;4864;9;4863;27;4869;1;4870;26;;;4868.0;330.953125
1;25200;BANANAS;4864;2;4863;24;;;4870;26;;;;;4867.0;325.89453125
1;25200;PEARLS;9996;2;9995;24;;;10000;4;10004;2;10005;24;9998.0;351.0
1;25300;BANANAS;4865;9;4864;22;;;4870;1;4871;21;;;4867.5;321.4453125
1;25300;PEARLS;9998;9;9996;1;9995;21;10004;1;10005;21;;;10001.0;351.0
1;25400;BANANAS;4865;2;4864;27;;;4871;29;;;;;4868.0;315.859375
1;25400;PEARLS;10002;3;9996;2;9995;27;10004;2;10005;27;;;10003.0;351.0
1;25500;BANANAS;4865;1;4864;23;;;4871;24;;;;;4868.0;314.97265625
1;25500;PEARLS;9996;1;9995;23;;;10004;1;10005;23;;;10000.0;357.0
1;25600;PEARLS;9995;24;;;;;10005;24;;;;;10000.0;357.0
1;25600;BANANAS;4865;24;;;;;4872;24;;;;;4868.5;311.13671875
1;25700;PEARLS;9996;1;9995;24;;;10004;1;10005;24;;;10000.0;357.0
1;25700;BANANAS;4865;25;;;;;4871;25;;;;;4868.0;312.8515625
1;25800;PEARLS;10002;1;9996;2;9995;27;10004;2;10005;27;;;10003.0;357.0
1;25800;BANANAS;4865;29;;;;;4871;2;4872;27;;;4868.0;309.6171875
1;25900;PEARLS;9996;2;9995;27;;;10004;2;10005;27;;;10000.0;359.0
1;25900;BANANAS;4865;2;4864;27;;;4871;29;;;;;4868.0;313.90234375
1;26000;PEARLS;9995;27;;;;;10005;27;;;;;10000.0;365.0
1;26000;BANANAS;4870;1;4864;27;;;4871;27;;;;;4870.5;319.609375
1;26100;PEARLS;10002;1;9998;3;9996;1;10004;1;10005;24;;;10003.0;365.0
1;26100;BANANAS;4870;1;4866;3;4865;25;4871;1;4872;24;;;4870.5;315.96875
1;26200;PEARLS;10002;1;9996;2;9995;27;10004;2;10005;27;;;10003.0;367.0
1;26200;BANANAS;4867;3;4865;2;4864;27;4871;29;;;;;4869.0;322.703125
1;26300;PEARLS;9996;1;9995;25;;;10002;1;10004;1;10005;25;9999.0;369.0
1;26300;BANANAS;4865;25;;;;;4870;5;4871;26;;;4867.5;320.0703125
1;26400;PEARLS;9995;27;;;;;10005;27;;;;;10000.0;369.0
1;26400;BANANAS;4865;27;;;;;4872;27;;;;;4868.5;315.5
1;26500;PEARLS;9996;1;9995;21;;;10004;1;10005;21;;;10000.0;369.0
1;26500;BANANAS;4866;1;4865;21;;;4872;22;;;;;4869.0;310.1328125
1;26600;PEARLS;9996;2;9995;29;;;9998;4;10004;2;10005;29;9997.0;369.0
1;26600;BANANAS;4865;31;;;;;4871;2;4872;29;;;4868.0;316.2265625
1;26700;BANANAS;4872;1;4867;26;;;4873;26;;;;;4872.5;290.59375
1;26700;PEARLS;9995;26;;;;;10005;26;;;;;10000.0;377.0
1;26800;BANANAS;4868;7;4867;20;;;4874;20;;;;;4871.0;290.28125
1;26800;PEARLS;10002;1;9998;7;9995;20;10005;20;;;;;10003.5;377.0
1;26900;BANANAS;4866;22;;;;;4873;22;;;;;4869.5;294.9453125
1;26900;PEARLS;9995;22;;;;;10005;22;;;;;10000.0;379.0
1;27000;BANANAS;4867;3;4866;26;;;4869;5;4873;27;;;4868.0;295.75
1;27000;PEARLS;9998;2;9996;1;9995;26;10004;1;10005;26;;;10001.0;379.0
1;27100;BANANAS;4866;29;;;;;4871;9;4872;2;4873;27;4868.5;305.91015625
1;27100;PEARLS;9996;2;9995;27;;;9998;1;10002;10;10004;2;9997.0;379.0
1;27200;BANANAS;4871;1;4867;3;4866;25;4872;2;4873;23;;;4871.5;305.7578125
1;27200;PEARLS;9998;3;9996;2;9995;23;10004;2;10005;23;;;10001.0;381.0
1;27300;BANANAS;4866;24;;;;;4871;8;4872;25;;;4868.5;310.23828125
1;27300;PEARLS;9995;25;;;;;10002;8;10005;25;;;9998.5;381.0
1;27400;PEARLS;9996;1;9995;22;;;9998;3;10004;1;10005;22;9997.0;381.0
1;27400;BANANAS;4866;1;4865;22;;;4872;23;;;;;4869.0;314.45703125
1;27500;BANANAS;4866;30;;;;;4873;30;;;;;4869.5;309.375
1;27500;PEARLS;9995;30;;;;;10005;30;;;;;10000.0;387.0
1;27600;PEARLS;9996;2;9995;26;;;10002;4;10004;2;10005;26;9999.0;387.0
1;27600;BANANAS;4867;2;4866;26;;;4871;3;4873;28;;;4869.0;309.2578125
1;27700;BANANAS;4867;32;;;;;4873;2;4874;30;;;4870.0;303.1796875
1;27700;PEARLS;9996;2;9995;30;;;10004;2;10005;30;;;10000.0;387.0
1;27800;PEARLS;9998;2;9996;2;9995;20;10004;2;10005;20;;;10001.0;387.0
1;27800;BANANAS;4868;5;4867;22;;;4873;2;4874;20;;;4870.5;303.203125
1;27900;BANANAS;4867;29;;;;;4873;29;;;;;4870.0;304.875
1;27900;PEARLS;9995;29;;;;;10005;29;;;;;10000.0;387.0
1;28000;PEARLS;9995;22;;;;;10005;22;;;;;10000.0;387.0
1;28000;BANANAS;4867;22;;;;;4873;22;;;;;4870.0;304.078125
1;28100;BANANAS;4868;1;4867;20;;;4874;21;;;;;4871.0;293.234375
1;28100;PEARLS;9996;1;9995;20;;;10004;1;10005;20;;;10000.0;387.0
1;28200;PEARLS;9995;23;;;;;10005;23;;;;;10000.0;396.0
1;28200;BANANAS;4868;23;;;;;4871;1;4875;23;;;4869.5;287.3671875
1;28300;BANANAS;4868;30;;;;;4874;30;;;;;4871.0;290.7109375
1;28300;PEARLS;9996;2;9995;28;;;10004;2;10005;28;;;10000.0;396.0
1;28400;PEARLS;9995;20;;;;;10002;8;10005;20;;;9998.5;396.0
1;28400;BANANAS;4868;20;;;;;4872;8;4874;20;;;4870.0;290.8828125
1;28500;BANANAS;4868;29;;;;;4874;30;;;;;4871.0;289.6640625
1;28500;PEARLS;9996;2;9995;28;;;10004;2;10005;28;;;10000.0;396.0
1;28600;PEARLS;9996;2;9995;26;;;10000;5;10002;5;10004;2;9998.0;396.0
1;28600;BANANAS;4867;27;;;;;4872;5;4874;28;;;4869.5;324.26953125
1;28700;BANANAS;4868;9;4867;22;;;4874;24;;;;;4871.0;353.54296875
1;28700;PEARLS;9998;8;9996;2;9995;22;10004;2;10005;22;;;10001.0;396.0
1;28800;PEARLS;9995;21;;;;;10002;8;10005;21;;;9998.5;396.0
1;28800;BANANAS;4867;21;;;;;4872;8;4874;21;;;4869.5;344.75
1;28900;PEARLS;9996;1;9995;22;;;10002;5;10004;1;10005;22;9999.0;396.0
1;28900;BANANAS;4867;23;;;;;4871;5;4873;23;;;4869.0;342.20703125
1;29000;PEARLS;10002;1;9996;2;9995;24;10004;2;10005;24;;;10003.0;396.0
1;29000;BANANAS;4867;2;4866;24;;;4873;26;;;;;4870.0;339.8125
1;29100;PEARLS;9995;23;;;;;10002;2;10005;23;;;9998.5;398.0
1;29100;BANANAS;4866;23;;;;;4871;2;4873;23;;;4868.5;341.02734375
1;29200;PEARLS;9996;1;9995;22;;;10004;1;10005;22;;;10000.0;398.0
1;29200;BANANAS;4866;23;;;;;4873;23;;;;;4869.5;337.05078125
1;29300;PEARLS;9996;1;9995;22;;;10004;1;10005;22;;;10000.0;398.0
1;29300;BANANAS;4871;1;4866;23;;;4873;23;;;;;4872.0;335.3515625
1;29400;PEARLS;9996;2;9995;23;;;10002;4;10004;2;10005;23;9999.0;398.0
1;29400;BANANAS;4865;25;;;;;4870;5;4872;25;;;4867.5;326.71875
1;29500;PEARLS;9998;6;9995;20;;;10005;20;;;;;10001.5;398.0
1;29500;BANANAS;4866;5;4865;20;;;4872;20;;;;;4869.0;321.2734375
1;29600;PEARLS;9996;1;9995;26;;;10000;4;10004;1;10005;26;9998.0;398.0
1;29600;BANANAS;4865;27;;;;;4872;27;;;;;4868.5;327.1015625
1;29700;BANANAS;4866;23;;;;;4871;7;4873;23;;;4868.5;336.9375
1;29700;PEARLS;9996;1;9995;22;;;10002;7;10004;1;10005;22;9999.0;398.0
1;29800;BANANAS;4871;1;4866;25;;;4873;25;;;;;4872.0;334.2890625
1;29800;PEARLS;9995;25;;;;;10005;25;;;;;10000.0;398.0
1;29900;BANANAS;4866;32;;;;;4872;32;;;;;4869.0;334.7578125
1;29900;PEARLS;9996;2;9995;30;;;10004;2;10005;30;;;10000.0;418.0
1;30000;PEARLS;9998;10;9996;2;9995;23;10004;2;10005;23;;;10001.0;418.0
1;30000;BANANAS;4867;10;4866;25;;;4872;2;4873;23;;;4869.5;369.4453125
1;30100;PEARLS;9996;1;9995;20;;;10004;1;10005;20;;;10000.0;418.0
1;30100;BANANAS;4866;21;;;;;4873;21;;;;;4869.5;368.921875
1;30200;PEARLS;9996;2;9995;28;;;9998;1;10002;8;10004;2;9997.0;418.0
1;30200;BANANAS;4866;30;;;;;4867;2;4871;8;4872;2;4866.5;369.8515625
1;30300;PEARLS;10002;4;9996;2;9995;29;10004;2;10005;29;;;10003.0;420.0
1;30300;BANANAS;4866;2;4865;29;;;4872;31;;;;;4869.0;376.51953125
1;30400;PEARLS;9995;30;;;;;10005;30;;;;;10000.0;428.0
1;30400;BANANAS;4866;30;;;;;4873;30;;;;;4869.5;370.8203125
1;30500;PEARLS;9996;2;9995;28;;;10004;2;10005;28;;;10000.0;428.0
1;30500;BANANAS;4867;2;4866;28;;;4873;30;;;;;4870.0;370.720703125
1;30600;PEARLS;10002;1;9996;2;9995;30;10004;2;10005;30;;;10003.0;428.0
1;30600;BANANAS;4867;32;;;;;4873;2;4874;30;;;4870.0;369.349609375
1;30700;PEARLS;9996;2;9995;27;;;10004;2;10005;27;;;10000.0;430.0
1;30700;BANANAS;4867;2;4866;27;;;4873;29;;;;;4870.0;371.03515625
1;30800;PEARLS;9998;8;9996;2;9995;29;10004;2;10005;29;;;10001.0;430.0
1;30800;BANANAS;4867;8;4866;31;;;4873;31;;;;;4870.0;372.37890625
1;30900;PEARLS;9995;21;;;;;10005;21;;;;;10000.0;430.0
1;30900;BANANAS;4866;21;;;;;4873;21;;;;;4869.5;373.80078125
1;31000;PEARLS;9996;2;9995;26;;;10002;2;10004;2;10005;26;9999.0;430.0
1;31000;BANANAS;4866;28;;;;;4871;2;4872;2;4873;26;4868.5;375.25390625
1;31100;BANANAS;4871;1;4866;23;;;4872;23;;;;;4871.5;376.90625
1;31100;PEARLS;10002;1;9995;23;;;10005;23;;;;;10003.5;431.0
1;31200;BANANAS;4866;21;;;;;4871;7;4872;1;4873;21;4868.5;376.98828125
1;31200;PEARLS;9996;1;9995;21;;;10002;6;10004;1;10005;21;9999.0;433.0
1;31300;BANANAS;4866;22;;;;;4873;22;;;;;4869.5;374.4453125
1;31300;PEARLS;9996;2;9995;20;;;10004;2;10005;20;;;10000.0;441.0
1;31400;BANANAS;4866;22;;;;;4871;3;4873;22;;;4868.5;376.26953125
1;31400;PEARLS;9995;22;;;;;10005;22;;;;;10000.0;441.0
1;31500;BANANAS;4866;22;;;;;4873;22;;;;;4869.5;375.17578125
1;31500;PEARLS;9996;1;9995;21;;;10004;1;10005;21;;;10000.0;441.0
1;31600;BANANAS;4866;24;;;;;4872;24;;;;;4869.0;379.5234375
1;31600;PEARLS;9995;24;;;;;9998;3;10005;24;;;9996.5;441.0
1;31700;BANANAS;4865;29;;;;;4870;4;4872;29;;;4867.5;384.109375
1;31700;PEARLS;9995;29;;;;;10002;3;10005;29;;;9998.5;447.0
1;31800;BANANAS;4865;24;;;;;4870;2;4871;24;;;4867.5;386.5234375
1;31800;PEARLS;9996;2;9995;22;;;10002;2;10004;2;10005;22;9999.0;459.0
1;31900;PEARLS;9996;2;9995;26;;;10004;2;10005;26;;;10000.0;459.0
1;31900;BANANAS;4864;28;;;;;4871;28;;;;;4867.5;391.33203125
1;32000;PEARLS;9996;2;9995;20;;;10002;10;10004;2;10005;20;9999.0;459.0
1;32000;BANANAS;4865;22;;;;;4869;10;4871;22;;;4867.0;387.0625
1;32100;BANANAS;4866;9;4865;25;;;4872;25;;;;;4869.0;384.03125
1;32100;PEARLS;9998;9;9995;25;;;10005;25;;;;;10001.5;459.0
1;32200;BANANAS;4865;25;;;;;4870;5;4872;25;;;4867.5;385.853515625
1;32200;PEARLS;9996;1;9995;24;;;10002;5;10004;1;10005;24;9999.0;461.0
1;32300;PEARLS;10000;3;9996;2;9995;30;10004;2;10005;30;;;10002.0;461.0
1;32300;BANANAS;4866;32;;;;;4872;32;;;;;4869.0;383.18359375
1;32400;PEARLS;9998;2;9995;29;;;10005;29;;;;;10001.5;461.0
1;32400;BANANAS;4867;2;4866;29;;;4873;29;;;;;4870.0;390.4638671875
1;32500;BANANAS;4865;26;;;;;4872;26;;;;;4868.5;395.044921875
1;32500;PEARLS;10002;1;9996;2;9995;24;10004;2;10005;24;;;10003.0;461.0
1;32600;BANANAS;4866;1;4865;28;;;4872;28;;;;;4869.0;395.1640625
1;32600;PEARLS;9998;1;9996;2;9995;26;10004;2;10005;26;;;10001.0;463.0
1;32700;PEARLS;9996;2;9995;30;;;10004;2;10005;30;;;10000.0;463.0
1;32700;BANANAS;4865;32;;;;;4872;32;;;;;4868.5;396.52734375
1;32800;PEARLS;9995;29;;;;;10005;29;;;;;10000.0;463.0
1;32800;BANANAS;4865;29;;;;;4872;29;;;;;4868.5;394.08984375
1;32900;BANANAS;4865;21;;;;;4870;10;4872;21;;;4867.5;395.06640625
1;32900;PEARLS;9996;1;9995;20;;;10002;10;10004;1;10005;20;9999.0;463.0
1;33000;BANANAS;4866;2;4865;28;;;4872;28;;;;;4869.0;395.0390625
1;33000;PEARLS;9998;2;9995;28;;;10005;28;;;;;10001.5;463.0
1;33100;PEARLS;9996;1;9995;25;;;10004;1;10005;25;;;10000.0;463.0
1;33100;BANANAS;4865;26;;;;;4871;26;;;;;4868.0;401.484375
1;33200;PEARLS;9996;1;9995;23;;;10004;1;10005;23;;;10000.0;463.0
1;33200;BANANAS;4871;1;4866;1;4865;23;4872;24;;;;;4871.5;413.9765625
1;33300;BANANAS;4866;1;4865;30;;;4870;1;4872;31;;;4868.0;417.140625
1;33300;PEARLS;9996;1;9995;30;;;10002;1;10004;1;10005;30;9999.0;463.0
1;33400;PEARLS;9995;20;;;;;10005;20;;;;;10000.0;463.0
1;33400;BANANAS;4866;20;;;;;4872;20;;;;;4869.0;418.7734375
1;33500;PEARLS;9996;2;9995;21;;;10002;4;10004;2;10005;21;9999.0;463.0
1;33500;BANANAS;4866;2;4865;21;;;4870;4;4872;23;;;4868.0;415.0390625
1;33600;PEARLS;9995;27;;;;;9998;2;10005;27;;;9996.5;463.0
1;33600;BANANAS;4866;27;;;;;4872;27;;;;;4869.0;418.4140625
1;33700;PEARLS;9996;1;9995;25;;;10004;1;10005;25;;;10000.0;467.0
1;33700;BANANAS;4866;26;;;;;4872;1;4873;25;;;4869.0;421.3203125
1;33800;PEARLS;9995;21;;;;;10002;4;10005;21;;;9998.5;467.0
1;33800;BANANAS;4866;21;;;;;4871;4;4873;21;;;4868.5;422.1953125
1;33900;PEARLS;9996;1;9995;27;;;10004;1;10005;27;;;10000.0;467.0
1;33900;BANANAS;4866;28;;;;;4872;1;4873;27;;;4869.0;433.0
1;34000;PEARLS;9996;2;9995;28;;;10004;2;10005;28;;;10000.0;491.0
1;34000;BANANAS;4871;1;4866;2;4865;28;4872;30;;;;;4871.5;433.0
1;34100;BANANAS;4865;27;;;;;4872;27;;;;;4868.5;435.669921875
1;34100;PEARLS;9996;2;9995;25;;;10004;2;10005;25;;;10000.0;491.0
1;34200;BANANAS;4865;32;;;;;4870;3;4871;2;4872;30;4867.5;435.77490234375
1;34200;PEARLS;9996;2;9995;30;;;10002;2;10004;2;10005;30;9999.0;491.0
1;34300;BANANAS;4864;29;;;;;4865;1;4871;29;;;4864.5;436.3642578125
1;34300;PEARLS;9996;1;9995;28;;;10004;1;10005;28;;;10000.0;491.0
1;34400;BANANAS;4864;30;;;;;4871;30;;;;;4867.5;439.0
1;34400;PEARLS;9996;2;9995;28;;;10004;2;10005;28;;;10000.0;491.0
1;34500;PEARLS;9996;2;9995;22;;;10004;2;10005;22;;;10000.0;491.0
1;34500;BANANAS;4864;24;;;;;4870;24;;;;;4867.0;439.0
1;34600;PEARLS;9995;24;;;;;10005;24;;;;;10000.0;491.0
1;34600;BANANAS;4864;24;;;;;4871;24;;;;;4867.5;439.0
1;34700;PEARLS;9996;2;9995;23;;;10004;2;10005;23;;;10000.0;491.0
1;34700;BANANAS;4864;25;;;;;4871;25;;;;;4867.5;439.0
1;34800;PEARLS;9998;3;9996;2;9995;22;10004;2;10005;22;;;10001.0;491.0
1;34800;BANANAS;4864;24;;;;;4865;1;4871;24;;;4864.5;439.0
1;34900;PEARLS;9995;24;;;;;10005;24;;;;;10000.0;491.0
1;34900;BANANAS;4864;24;;;;;4871;24;;;;;4867.5;441.30224609375
1;35000;PEARLS;9995;29;;;;;10005;29;;;;;10000.0;491.0
1;35000;BANANAS;4864;29;;;;;4871;29;;;;;4867.5;441.42431640625
1;35100;PEARLS;9996;2;9995;21;;;10004;2;10005;21;;;10000.0;491.0
1;35100;BANANAS;4864;23;;;;;4871;23;;;;;4867.5;441.400390625
1;35200;PEARLS;9995;24;;;;;10005;24;;;;;10000.0;491.0
1;35200;BANANAS;4867;2;4864;24;;;4871;24;;;;;4869.0;441.50244140625
1;35300;PEARLS;9998;8;9996;1;9995;22;10004;1;10005;22;;;10001.0;491.0
1;35300;BANANAS;4865;8;4864;23;;;4870;1;4871;22;;;4867.5;441.17626953125
1;35400;PEARLS;10002;1;9996;2;9995;25;10004;2;10005;25;;;10003.0;491.0
1;35400;BANANAS;4867;2;4864;27;;;4871;27;;;;;4869.0;441.37841796875
1;35500;PEARLS;9996;2;9995;27;;;10004;2;10005;27;;;10000.0;493.0
1;35500;BANANAS;4865;2;4864;27;;;4871;29;;;;;4868.0;441.76025390625
1;35600;BANANAS;4864;24;;;;;4869;3;4870;1;4871;23;4866.5;441.2822265625
1;35600;PEARLS;9996;1;9995;23;;;10002;3;10004;1;10005;23;9999.0;493.0
1;35700;BANANAS;4863;31;;;;;4868;9;4870;31;;;4865.5;440.671875
1;35700;PEARLS;9996;2;9995;29;;;10002;9;10004;2;10005;29;9999.0;493.0
1;35800;BANANAS;4863;23;;;;;4870;23;;;;;4866.5;440.513671875
1;35800;PEARLS;9996;2;9995;21;;;10004;2;10005;21;;;10000.0;493.0
1;35900;BANANAS;4863;30;;;;;4870;30;;;;;4866.5;440.498046875
1;35900;PEARLS;9996;2;9995;28;;;10004;2;10005;28;;;10000.0;493.0
1;36000;BANANAS;4863;30;;;;;4868;9;4870;30;;;4865.5;440.3583984375
1;36000;PEARLS;9995;30;;;;;10000;2;10002;9;10005;30;9997.5;493.0
1;36100;BANANAS;4864;7;4863;23;;;4870;23;;;;;4867.0;440.3681640625
1;36100;PEARLS;9998;7;9996;2;9995;21;10004;2;10005;21;;;10001.0;493.0
1;36200;BANANAS;4865;5;4864;30;;;4870;30;;;;;4867.5;441.0732421875
1;36200;PEARLS;9998;5;9996;1;9995;29;10004;1;10005;29;;;10001.0;493.0
1;36300;BANANAS;4864;1;4863;30;;;4870;31;;;;;4867.0;440.869140625
1;36300;PEARLS;9996;1;9995;30;;;10004;1;10005;30;;;10000.0;493.0
1;36400;PEARLS;9996;1;9995;28;;;10002;8;10004;1;10005;28;9999.0;493.0
1;36400;BANANAS;4863;29;;;;;4867;8;4869;29;;;4865.0;439.9794921875
1;36500;BANANAS;4863;28;;;;;4869;2;4870;27;;;4866.0;440.09228515625
1;36500;PEARLS;9996;2;9995;27;;;10004;2;10005;27;;;10000.0;493.0
1;36600;PEARLS;9996;1;9995;30;;;10000;2;10004;1;10005;30;9998.0;493.0
1;36600;BANANAS;4863;31;;;;;4869;1;4870;30;;;4866.0;440.18310546875
1;36700;BANANAS;4863;22;;;;;4869;1;4870;21;;;4866.0;440.21923828125
1;36700;PEARLS;10002;1;9996;1;9995;21;10004;1;10005;21;;;10003.0;493.0
1;36800;PEARLS;9996;2;9995;23;;;10004;2;10005;23;;;10000.0;495.0
1;36800;BANANAS;4864;2;4863;23;;;4865;2;4870;25;;;4864.5;440.83837890625
1;36900;BANANAS;4865;6;4864;22;;;4871;22;;;;;4868.0;445.546875
1;36900;PEARLS;9998;6;9995;22;;;10005;22;;;;;10001.5;495.0
1;37000;PEARLS;9996;2;9995;20;;;10004;2;10005;20;;;10000.0;495.0
1;37000;BANANAS;4868;4;4864;22;;;4870;22;;;;;4869.0;445.08203125
1;37100;BANANAS;4863;24;;;;;4870;24;;;;;4866.5;449.10595703125
1;37100;PEARLS;10000;5;9995;24;;;10005;24;;;;;10002.5;495.0
1;37200;PEARLS;9996;2;9995;27;;;10004;2;10005;27;;;10000.0;495.0
1;37200;BANANAS;4864;2;4863;27;;;4870;29;;;;;4867.0;449.26025390625
1;37300;BANANAS;4864;23;;;;;4870;23;;;;;4867.0;449.06396484375
1;37300;PEARLS;9996;1;9995;22;;;10004;1;10005;22;;;10000.0;495.0
1;37400;PEARLS;9995;22;;;;;10005;22;;;;;10000.0;504.0
1;37400;BANANAS;4864;22;;;;;4871;22;;;;;4867.5;448.6435546875
1;37500;BANANAS;4863;31;;;;;4870;31;;;;;4866.5;449.5107421875
1;37500;PEARLS;10000;5;9996;1;9995;30;10004;1;10005;30;;;10002.0;504.0
1;37600;PEARLS;9996;1;9995;24;;;10004;1;10005;24;;;10000.0;504.0
1;37600;BANANAS;4869;1;4864;25;;;4870;25;;;;;4869.5;448.953125
1;37700;BANANAS;4863;20;;;;;4870;20;;;;;4866.5;451.736328125
1;37700;PEARLS;10002;1;9995;20;;;10005;20;;;;;10003.5;519.0
1;37800;PEARLS;9996;2;9995;23;;;10004;2;10005;23;;;10000.0;521.0
1;37800;BANANAS;4863;25;;;;;4870;25;;;;;4866.5;452.1533203125
1;37900;PEARLS;9996;2;9995;27;;;10004;2;10005;27;;;10000.0;524.0
1;37900;BANANAS;4863;29;;;;;4870;29;;;;;4866.5;457.033203125
1;38000;PEARLS;9998;3;9995;30;;;10005;30;;;;;10001.5;524.0
1;38000;BANANAS;4864;3;4863;30;;;4870;30;;;;;4867.0;458.49609375
1;38100;PEARLS;9998;4;9996;1;9995;28;10004;1;10005;28;;;10001.0;524.0
1;38100;BANANAS;4864;4;4863;29;;;4869;29;;;;;4866.5;458.91015625
1;38200;PEARLS;9998;4;9996;2;9995;29;10004;2;10005;29;;;10001.0;524.0
1;38200;BANANAS;4864;4;4863;31;;;4869;2;4870;29;;;4866.5;458.111328125
1;38300;PEARLS;9995;22;;;;;10005;22;;;;;10000.0;524.0
1;38300;BANANAS;4863;22;;;;;4870;22;;;;;4866.5;456.72265625
1;38400;PEARLS;9996;2;9995;29;;;10004;2;10005;29;;;10000.0;524.0
1;38400;BANANAS;4864;2;4863;29;;;4870;31;;;;;4867.0;455.888671875
1;38500;BANANAS;4864;2;4863;22;;;4870;24;;;;;4867.0;456.28515625
1;38500;PEARLS;9996;2;9995;22;;;10004;2;10005;22;;;10000.0;524.0
1;38600;BANANAS;4863;31;;;;;4870;31;;;;;4866.5;456.529296875
1;38600;PEARLS;10002;1;9996;2;9995;29;10004;2;10005;29;;;10003.0;524.0
1;38700;BANANAS;4864;1;4863;20;;;4870;22;;;;;4867.0;456.173828125
1;38700;PEARLS;9996;2;9995;20;;;10004;2;10005;20;;;10000.0;526.0
1;38800;BANANAS;4864;27;;;;;4870;27;;;;;4867.0;455.0546875
1;38800;PEARLS;9996;2;9995;25;;;10004;2;10005;25;;;10000.0;526.0
1;38900;PEARLS;9996;2;9995;23;;;10004;2;10005;23;;;10000.0;526.0
1;38900;BANANAS;4864;25;;;;;4870;25;;;;;4867.0;455.01171875
1;39000;PEARLS;9996;1;9995;23;;;10000;3;10004;1;10005;23;9998.0;526.0
1;39000;BANANAS;4864;24;;;;;4870;24;;;;;4867.0;454.8671875
1;39100;PEARLS;9996;2;9995;28;;;9998;3;10004;2;10005;28;9997.0;526.0
1;39100;BANANAS;4863;30;;;;;4869;2;4870;28;;;4866.0;458.0078125
1;39200;PEARLS;9995;21;;;;;10000;4;10005;21;;;9997.5;532.0
1;39200;BANANAS;4863;21;;;;;4870;21;;;;;4866.5;457.69140625
1;39300;PEARLS;9995;24;;;;;10005;24;;;;;10000.0;532.0
1;39300;BANANAS;4863;24;;;;;4870;24;;;;;4866.5;463.763671875
1;39400;PEARLS;9995;21;;;;;10005;21;;;;;10000.0;532.0
1;39400;BANANAS;4863;21;;;;;4870;21;;;;;4866.5;463.31640625
1;39500;PEARLS;9995;29;;;;;10005;29;;;;;10000.0;532.0
1;39500;BANANAS;4863;29;;;;;4870;29;;;;;4866.5;463.490234375
1;39600;PEARLS;9996;1;9995;30;;;10004;1;10005;30;;;10000.0;532.0
1;39600;BANANAS;4865;2;4863;1;4862;30;4869;31;;;;;4867.0;465.46484375
1;39700;PEARLS;9996;1;9995;29;;;10000;6;10004;1;10005;29;9998.0;532.0
1;39700;BANANAS;4862;29;;;;;4869;30;;;;;4865.5;466.73046875
1;39800;PEARLS;9996;2;9995;22;;;9998;1;10004;2;10005;22;9997.0;532.0
1;39800;BANANAS;4863;2;4862;22;;;4869;24;;;;;4866.0;465.966796875
1;39900;PEARLS;9998;10;9996;1;9995;28;10004;1;10005;28;;;10001.0;534.0
1;39900;BANANAS;4863;10;4862;29;;;4868;1;4869;28;;;4865.5;467.267578125
1;40000;BANANAS;4862;26;;;;;4868;1;4869;25;;;4865.0;467.705078125
1;40000;PEARLS;10002;11;9996;1;9995;25;10004;1;10005;25;;;10003.0;534.0
1;40100;BANANAS;4865;6;4862;30;;;4869;30;;;;;4867.0;467.7392578125
1;40100;PEARLS;9995;30;;;;;10005;30;;;;;10000.0;546.0
1;40200;BANANAS;4862;25;;;;;4867;7;4868;1;4869;24;4864.5;467.75390625
1;40200;PEARLS;9996;1;9995;24;;;10002;7;10004;1;10005;24;9999.0;546.0
1;40300;BANANAS;4862;30;;;;;4868;1;4869;29;;;4865.0;467.044921875
1;40300;PEARLS;10002;4;9996;1;9995;29;10004;1;10005;29;;;10003.0;546.0
1;40400;BANANAS;4862;25;;;;;4868;2;4869;23;;;4865.0;467.7041015625
1;40400;PEARLS;9996;2;9995;23;;;10004;2;10005;23;;;10000.0;546.0
1;40500;BANANAS;4861;22;;;;;4863;5;4868;22;;;4862.0;469.1640625
1;40500;PEARLS;9996;1;9995;21;;;10004;1;10005;21;;;10000.0;546.0
1;40600;BANANAS;4861;28;;;;;4868;28;;;;;4864.5;477.12890625
1;40600;PEARLS;10002;1;9995;28;;;10005;28;;;;;10003.5;546.0
1;40700;BANANAS;4866;1;4862;10;4861;30;4867;1;4868;29;;;4866.5;476.6279296875
1;40700;PEARLS;9998;10;9996;1;9995;29;10004;1;10005;29;;;10001.0;546.0
1;40800;BANANAS;4861;21;;;;;4867;21;;;;;4864.0;477.9423828125
1;40800;PEARLS;9995;21;;;;;10005;21;;;;;10000.0;546.0
1;40900;PEARLS;9998;2;9995;25;;;10005;25;;;;;10001.5;546.0
1;40900;BANANAS;4861;2;4860;25;;;4867;25;;;;;4864.0;477.68212890625
1;41000;PEARLS;9998;10;9996;1;9995;20;10000;2;10004;1;10005;20;9999.0;546.0
1;41000;BANANAS;4861;10;4860;21;;;4862;3;4867;21;;;4861.5;477.65478515625
1;41100;BANANAS;4865;7;4860;25;;;4866;25;;;;;4865.5;480.2578125
1;41100;PEARLS;9996;2;9995;23;;;10004;2;10005;23;;;10000.0;546.0
1;41200;BANANAS;4860;20;;;;;4867;20;;;;;4863.5;492.4970703125
1;41200;PEARLS;9995;20;;;;;10005;20;;;;;10000.0;546.0
1;41300;PEARLS;9995;27;;;;;10005;27;;;;;10000.0;546.0
1;41300;BANANAS;4860;27;;;;;4867;27;;;;;4863.5;492.111328125
1;41400;PEARLS;9996;1;9995;29;;;10004;1;10005;29;;;10000.0;546.0
1;41400;BANANAS;4861;30;;;;;4862;5;4867;30;;;4861.5;491.1318359375
1;41500;BANANAS;4862;2;4861;29;;;4868;31;;;;;4865.0;502.37890625
1;41500;PEARLS;9996;2;9995;29;;;10004;2;10005;29;;;10000.0;546.0
1;41600;BANANAS;4862;26;;;;;4868;26;;;;;4865.0;503.1396484375
1;41600;PEARLS;9995;26;;;;;10005;26;;;;;10000.0;546.0
1;41700;PEARLS;9995;23;;;;;10005;23;;;;;10000.0;546.0
1;41700;BANANAS;4862;23;;;;;4868;23;;;;;4865.0;503.140625
1;41800;PEARLS;9996;1;9995;21;;;10004;1;10005;21;;;10000.0;546.0
1;41800;BANANAS;4861;21;;;;;4864;4;4868;22;;;4862.5;502.5205078125
1;41900;BANANAS;4861;28;;;;;4866;8;4868;28;;;4863.5;502.6513671875
1;41900;PEARLS;9995;28;;;;;10002;8;10005;28;;;9998.5;546.0
1;42000;BANANAS;4862;28;;;;;4868;1;4869;27;;;4865.0;503.1904296875
1;42000;PEARLS;9996;1;9995;27;;;9998;1;10004;1;10005;27;9997.0;546.0
1;42100;PEARLS;10002;2;9995;22;;;10005;22;;;;;10003.5;548.0
1;42100;BANANAS;4862;22;;;;;4868;22;;;;;4865.0;502.986328125
1;42200;PEARLS;9995;22;;;;;10005;22;;;;;10000.0;550.0
1;42200;BANANAS;4861;22;;;;;4868;22;;;;;4864.5;502.4072265625
1;42300;PEARLS;9996;2;9995;20;;;10004;2;10005;20;;;10000.0;550.0
1;42300;BANANAS;4862;22;;;;;4868;2;4869;20;;;4865.0;523.828125
1;42400;PEARLS;9996;2;9995;26;;;10002;2;10004;2;10005;26;9999.0;550.0
1;42400;BANANAS;4863;2;4862;26;;;4867;2;4869;28;;;4865.0;519.921875
1;42500;PEARLS;9995;24;;;;;10005;24;;;;;10000.0;553.0
1;42500;BANANAS;4862;24;;;;;4869;24;;;;;4865.5;523.1171875
1;42600;PEARLS;9995;28;;;;;10005;28;;;;;10000.0;553.0
1;42600;BANANAS;4868;1;4862;28;;;4869;28;;;;;4868.5;521.296875
1;42700;PEARLS;9996;1;9995;23;;;10004;1;10005;23;;;10000.0;553.0
1;42700;BANANAS;4863;1;4862;23;;;4869;24;;;;;4866.0;521.69140625
1;42800;PEARLS;9995;29;;;;;10000;2;10005;29;;;9997.5;553.0
1;42800;BANANAS;4863;29;;;;;4869;29;;;;;4866.0;518.59375
1;42900;PEARLS;10002;5;9995;20;;;10005;20;;;;;10003.5;553.0
1;42900;BANANAS;4864;20;;;;;4870;20;;;;;4867.0;508.76953125
1;43000;BANANAS;4863;27;;;;;4868;6;4870;27;;;4865.5;512.46484375
1;43000;PEARLS;9996;1;9995;26;;;10002;6;10004;1;10005;26;9999.0;555.0
1;43100;BANANAS;4866;4;4864;9;4863;25;4869;25;;;;;4867.5;518.32421875
1;43100;PEARLS;9998;9;9996;1;9995;24;10004;1;10005;24;;;10001.0;555.0
1;43200;BANANAS;4862;31;;;;;4867;5;4869;31;;;4864.5;523.0
1;43200;PEARLS;9996;2;9995;29;;;10002;5;10004;2;10005;29;9999.0;555.0
1;43300;BANANAS;4867;1;4863;10;4862;20;4869;20;;;;;4868.0;524.80078125
1;43300;PEARLS;9998;10;9995;20;;;10005;20;;;;;10001.5;564.0
1;43400;PEARLS;9996;2;9995;22;;;10004;2;10005;22;;;10000.0;564.0
1;43400;BANANAS;4862;24;;;;;4869;24;;;;;4865.5;524.546875
1;43500;PEARLS;9996;1;9995;24;;;10002;7;10004;1;10005;24;9999.0;564.0
1;43500;BANANAS;4862;25;;;;;4867;7;4869;25;;;4864.5;527.0703125
1;43600;PEARLS;9995;22;;;;;10002;5;10005;22;;;9998.5;564.0
1;43600;BANANAS;4862;22;;;;;4867;7;4869;22;;;4864.5;523.46875
1;43700;PEARLS;9996;1;9995;29;;;10002;6;10004;1;10005;29;9999.0;564.0
1;43700;BANANAS;4862;30;;;;;4866;6;4868;30;;;4864.0;531.546875
1;43800;PEARLS;9996;1;9995;22;;;10004;1;10005;22;;;10000.0;564.0
1;43800;BANANAS;4863;23;;;;;4870;23;;;;;4866.5;515.5390625
1;43900;PEARLS;9996;2;9995;24;;;10002;2;10004;2;10005;24;9999.0;564.0
1;43900;BANANAS;4863;26;;;;;4864;1;4868;6;4870;26;4863.5;513.89453125
1;44000;PEARLS;10002;4;9998;10;9996;2;10004;2;10005;25;;;10003.0;565.0
1;44000;BANANAS;4864;10;4863;27;;;4865;1;4870;27;;;4864.5;516.5234375
1;44100;PEARLS;9996;2;9995;22;;;10004;2;10005;22;;;10000.0;569.0
1;44100;BANANAS;4864;2;4863;22;;;4870;24;;;;;4867.0;513.9609375
1;44200;PEARLS;9995;24;;;;;10005;24;;;;;10000.0;569.0
1;44200;BANANAS;4863;24;;;;;4870;24;;;;;4866.5;516.375
1;44300;PEARLS;9996;2;9995;24;;;9998;2;10004;2;10005;24;9997.0;569.0
1;44300;BANANAS;4863;26;;;;;4870;26;;;;;4866.5;519.76171875
1;44400;PEARLS;9996;1;9995;25;;;10002;7;10004;1;10005;25;9999.0;573.0
1;44400;BANANAS;4863;26;;;;;4868;7;4870;26;;;4865.5;516.71875
1;44500;BANANAS;4863;30;;;;;4870;30;;;;;4866.5;515.67578125
1;44500;PEARLS;9995;30;;;;;10005;30;;;;;10000.0;573.0
1;44600;BANANAS;4864;22;;;;;4870;1;4871;21;;;4867.0;511.7734375
1;44600;PEARLS;9996;1;9995;21;;;10004;1;10005;21;;;10000.0;573.0
1;44700;BANANAS;4869;1;4864;27;;;4871;27;;;;;4870.0;508.68359375
1;44700;PEARLS;9996;2;9995;25;;;10004;2;10005;25;;;10000.0;573.0
1;44800;BANANAS;4863;25;;;;;4870;25;;;;;4866.5;520.49609375
1;44800;PEARLS;9995;25;;;;;10005;25;;;;;10000.0;573.0
1;44900;BANANAS;4863;23;;;;;4869;2;4870;21;;;4866.0;523.29296875
1;44900;PEARLS;9996;2;9995;21;;;10004;2;10005;21;;;10000.0;573.0
1;45000;BANANAS;4863;27;;;;;4870;28;;;;;4866.5;516.890625
1;45000;PEARLS;9996;1;9995;27;;;10004;1;10005;27;;;10000.0;573.0
1;45100;BANANAS;4864;27;;;;;4871;27;;;;;4867.5;513.26953125
1;45100;PEARLS;9995;27;;;;;9998;1;10005;27;;;9996.5;573.0
1;45200;PEARLS;10002;1;9996;1;9995;20;10004;1;10005;20;;;10003.0;575.0
1;45200;BANANAS;4863;21;;;;;4864;1;4870;21;;;4863.5;519.0703125
1;45300;BANANAS;4863;23;;;;;4864;1;4870;23;;;4863.5;521.6640625
1;45300;PEARLS;9995;23;;;;;10005;23;;;;;10000.0;577.0
1;45400;PEARLS;9998;4;9995;25;;;10005;25;;;;;10001.5;577.0
1;45400;BANANAS;4864;4;4863;25;;;4870;25;;;;;4867.0;525.640625
1;45500;BANANAS;4863;21;;;;;4870;21;;;;;4866.5;537.36865234375
1;45500;PEARLS;9996;1;9995;20;;;9998;3;10004;1;10005;20;9997.0;577.0
1;45600;PEARLS;9996;1;9995;23;;;10004;1;10005;23;;;10000.0;583.0
1;45600;BANANAS;4864;24;;;;;4870;1;4871;23;;;4867.0;536.8251953125
1;45700;BANANAS;4864;2;4863;21;;;4870;23;;;;;4867.0;537.10791015625
1;45700;PEARLS;10002;1;9996;2;9995;21;10004;2;10005;21;;;10003.0;583.0
1;45800;PEARLS;10000;5;9998;7;9996;2;10004;2;10005;30;;;10002.0;585.0
1;45800;BANANAS;4864;32;;;;;4870;2;4871;30;;;4867.0;536.87841796875
1;45900;BANANAS;4865;7;4864;26;;;4871;26;;;;;4868.0;536.4501953125
1;45900;PEARLS;9998;8;9996;1;9995;25;10004;1;10005;25;;;10001.0;585.0
1;46000;PEARLS;9995;23;;;;;9998;1;10005;23;;;9996.5;585.0
1;46000;BANANAS;4864;23;;;;;4870;23;;;;;4867.0;536.98974609375
1;46100;BANANAS;4864;25;;;;;4870;25;;;;;4867.0;537.06884765625
1;46100;PEARLS;9995;25;;;;;10005;25;;;;;10000.0;587.0
1;46200;PEARLS;9995;24;;;;;10005;24;;;;;10000.0;587.0
1;46200;BANANAS;4863;24;;;;;4870;24;;;;;4866.5;537.099609375
1;46300;BANANAS;4864;28;;;;;4870;2;4871;26;;;4867.0;536.78076171875
1;46300;PEARLS;9996;2;9995;26;;;10004;2;10005;26;;;10000.0;587.0
1;46400;PEARLS;9995;24;;;;;10005;24;;;;;10000.0;587.0
1;46400;BANANAS;4869;1;4864;24;;;4871;24;;;;;4870.0;536.7734375
1;46500;BANANAS;4864;30;;;;;4871;30;;;;;4867.5;538.3251953125
1;46500;PEARLS;9996;1;9995;29;;;9998;1;10004;1;10005;29;9997.0;587.0
1;46600;PEARLS;9998;1;9995;28;;;10005;28;;;;;10001.5;589.0
1;46600;BANANAS;4869;1;4868;3;4865;1;4871;28;;;;;4870.0;538.0341796875
1;46700;PEARLS;9996;1;9995;29;;;10004;1;10005;29;;;10000.0;589.0
1;46700;BANANAS;4865;30;;;;;4871;30;;;;;4868.0;537.779296875
1;46800;PEARLS;9995;25;;;;;10005;25;;;;;10000.0;589.0
1;46800;BANANAS;4865;25;;;;;4872;25;;;;;4868.5;536.9375
1;46900;PEARLS;9996;1;9995;29;;;10002;3;10004;1;10005;29;9999.0;589.0
1;46900;BANANAS;4865;30;;;;;4870;3;4872;30;;;4867.5;536.146484375
1;47000;PEARLS;9996;1;9995;22;;;10004;1;10005;22;;;10000.0;589.0
1;47000;BANANAS;4865;23;;;;;4872;23;;;;;4868.5;565.296875
1;47100;PEARLS;9995;22;;;;;9998;1;10005;22;;;9996.5;589.0
1;47100;BANANAS;4865;22;;;;;4872;22;;;;;4868.5;564.79296875
1;47200;PEARLS;9996;2;9995;21;;;10004;2;10005;21;;;10000.0;591.0
1;47200;BANANAS;4870;1;4865;23;;;4871;2;4872;21;;;4870.5;561.75390625
1;47300;PEARLS;9995;21;;;;;10005;21;;;;;10000.0;591.0
1;47300;BANANAS;4864;21;;;;;4871;21;;;;;4867.5;559.66796875
1;47400;BANANAS;4865;8;4864;22;;;4871;22;;;;;4868.0;555.92578125
1;47400;PEARLS;9998;7;9995;22;;;10005;22;;;;;10001.5;591.0
1;47500;BANANAS;4864;22;;;;;4871;22;;;;;4867.5;558.703125
1;47500;PEARLS;9996;1;9995;21;;;9998;1;10004;1;10005;21;9997.0;591.0
1;47600;BANANAS;4865;5;4864;21;;;4871;21;;;;;4868.0;557.09375
1;47600;PEARLS;9998;5;9995;21;;;10005;21;;;;;10001.5;593.0
1;47700;BANANAS;4865;1;4864;23;;;4870;23;;;;;4867.5;555.36328125
1;47700;PEARLS;9998;1;9995;23;;;10005;23;;;;;10001.5;593.0
1;47800;PEARLS;9995;20;;;;;10005;20;;;;;10000.0;593.0
1;47800;BANANAS;4863;20;;;;;4870;20;;;;;4866.5;553.45703125
1;47900;PEARLS;9995;23;;;;;10005;23;;;;;10000.0;593.0
1;47900;BANANAS;4863;23;;;;;4870;23;;;;;4866.5;550.2421875
1;48000;PEARLS;10002;2;9996;1;9995;26;10004;1;10005;26;;;10003.0;593.0
1;48000;BANANAS;4863;27;;;;;4868;1;4870;27;;;4865.5;551.9765625
1;48100;PEARLS;9996;1;9995;29;;;10004;1;10005;29;;;10000.0;597.0
1;48100;BANANAS;4864;1;4863;29;;;4870;30;;;;;4867.0;554.4140625
1;48200;PEARLS;9996;1;9995;26;;;10004;1;10005;26;;;10000.0;597.0
1;48200;BANANAS;4863;26;;;;;4870;27;;;;;4866.5;554.15625
1;48300;PEARLS;9998;4;9996;1;9995;20;10004;1;10005;20;;;10001.0;597.0
1;48300;BANANAS;4869;1;4865;4;4864;21;4870;21;;;;;4869.5;555.1875
1;48400;PEARLS;9996;2;9995;30;;;10004;2;10005;30;;;10000.0;597.0
1;48400;BANANAS;4864;32;;;;;4871;32;;;;;4867.5;560.02734375
1;48500;PEARLS;9995;29;;;;;10005;29;;;;;10000.0;597.0
1;48500;BANANAS;4869;10;4864;29;;;4871;29;;;;;4870.0;560.3984375
1;48600;PEARLS;9996;1;9995;26;;;10004;1;10005;26;;;10000.0;597.0
1;48600;BANANAS;4865;1;4864;26;;;4871;27;;;;;4868.0;573.619140625
1;48700;PEARLS;9996;1;9995;22;;;10000;2;10004;1;10005;22;9998.0;597.0
1;48700;BANANAS;4864;23;;;;;4871;23;;;;;4867.5;574.29296875
1;48800;PEARLS;9996;1;9995;28;;;10004;1;10005;28;;;10000.0;597.0
1;48800;BANANAS;4865;1;4864;28;;;4871;29;;;;;4868.0;573.8984375
1;48900;BANANAS;4865;21;;;;;4871;22;;;;;4868.0;572.84765625
1;48900;PEARLS;9995;22;;;;;10005;22;;;;;10000.0;597.0
1;49000;BANANAS;4865;29;;;;;4871;1;4872;28;;;4868.0;572.16796875
1;49000;PEARLS;9996;1;9995;28;;;10004;1;10005;28;;;10000.0;597.0
1;49100;BANANAS;4864;30;;;;;4871;30;;;;;4867.5;573.8203125
1;49100;PEARLS;9995;30;;;;;10005;30;;;;;10000.0;603.0
1;49200;BANANAS;4864;26;;;;;4871;26;;;;;4867.5;575.58203125
1;49200;PEARLS;10002;3;9996;1;9995;25;10004;1;10005;25;;;10003.0;603.0
1;49300;BANANAS;4865;3;4864;29;;;4871;29;;;;;4868.0;574.966796875
1;49300;PEARLS;9998;3;9995;29;;;10005;29;;;;;10001.5;609.0
1;49400;BANANAS;4864;23;;;;;4871;23;;;;;4867.5;574.650390625
1;49400;PEARLS;9996;1;9995;22;;;10004;1;10005;22;;;10000.0;609.0
1;49500;BANANAS;4865;1;4864;24;;;4871;25;;;;;4868.0;573.943359375
1;49500;PEARLS;9996;1;9995;24;;;10004;1;10005;24;;;10000.0;609.0
1;49600;PEARLS;9996;2;9995;28;;;10000;3;10002;9;10004;2;9998.0;609.0
1;49600;BANANAS;4864;30;;;;;4869;9;4871;30;;;4866.5;575.548828125
1;49700;BANANAS;4869;1;4863;21;;;4870;21;;;;;4869.5;577.380859375
1;49700;PEARLS;9995;21;;;;;10005;21;;;;;10000.0;609.0
1;49800;BANANAS;4863;19;;;;;4868;7;4870;20;;;4865.5;582.16796875
1;49800;PEARLS;9995;20;;;;;10002;7;10005;20;;;9998.5;609.0
1;49900;PEARLS;9996;1;9995;23;;;10004;1;10005;23;;;10000.0;609.0
1;49900;BANANAS;4863;24;;;;;4870;24;;;;;4866.5;582.3203125
1;50000;PEARLS;9996;2;9995;24;;;10002;5;10004;2;10005;24;9999.0;609.0
1;50000;BANANAS;4864;2;4863;24;;;4868;3;4870;26;;;4866.0;579.9140625
1;50100;BANANAS;4867;2;4864;24;;;4871;24;;;;;4869.0;575.21484375
1;50100;PEARLS;10002;4;9996;2;9995;22;10004;2;10005;22;;;10003.0;609.0
1;50200;BANANAS;4870;7;4865;29;;;4871;1;4872;28;;;4870.5;571.4609375
1;50200;PEARLS;9996;1;9995;28;;;10004;1;10005;28;;;10000.0;611.0
1;50300;PEARLS;9995;23;;;;;10005;23;;;;;10000.0;611.0
1;50300;BANANAS;4865;23;;;;;4872;23;;;;;4868.5;577.25
1;50400;PEARLS;9996;2;9995;21;;;10004;2;10005;21;;;10000.0;611.0
1;50400;BANANAS;4866;23;;;;;4872;2;4873;21;;;4869.0;572.46484375
1;50500;BANANAS;4867;7;4866;28;;;4873;28;;;;;4870.0;568.796875
1;50500;PEARLS;10000;4;9998;7;9996;1;10004;1;10005;27;;;10002.0;611.0
1;50600;BANANAS;4871;1;4867;7;4866;24;4872;2;4873;22;;;4871.5;570.5859375
1;50600;PEARLS;9998;7;9996;2;9995;22;10000;5;10004;2;10005;22;9999.0;611.0
1;50700;PEARLS;9998;9;9995;20;;;10005;20;;;;;10001.5;611.0
1;50700;BANANAS;4867;9;4866;20;;;4873;20;;;;;4870.0;568.8203125
1;50800;PEARLS;9998;7;9996;2;9995;26;10004;2;10005;26;;;10001.0;611.0
1;50800;BANANAS;4867;7;4866;28;;;4873;28;;;;;4870.0;569.1484375
1;50900;BANANAS;4867;1;4866;30;;;4873;30;;;;;4870.0;573.078125
1;50900;PEARLS;9998;2;9995;30;;;10000;5;10005;30;;;9999.0;611.0
1;51000;BANANAS;4866;25;;;;;4872;25;;;;;4869.0;576.71875
1;51000;PEARLS;9996;2;9995;23;;;10004;2;10005;23;;;10000.0;611.0
1;51100;PEARLS;9995;29;;;;;10002;1;10005;29;;;9998.5;611.0
1;51100;BANANAS;4865;29;;;;;4870;1;4872;29;;;4867.5;581.265625
1;51200;PEARLS;9995;30;;;;;10005;30;;;;;10000.0;611.0
1;51200;BANANAS;4870;10;4865;30;;;4872;30;;;;;4871.0;578.3046875
1;51300;PEARLS;9996;2;9995;23;;;9998;5;10002;5;10004;2;9997.0;611.0
1;51300;BANANAS;4866;2;4865;23;;;4870;5;4872;25;;;4868.0;585.1875
1;51400;PEARLS;9996;1;9995;22;;;10004;1;10005;22;;;10000.0;621.0
1;51400;BANANAS;4866;1;4865;22;;;4872;23;;;;;4869.0;585.84375
1;51500;PEARLS;9995;21;;;;;10005;21;;;;;10000.0;621.0
1;51500;BANANAS;4866;21;;;;;4873;21;;;;;4869.5;567.4765625
1;51600;PEARLS;9996;2;9995;21;;;10002;5;10004;2;10005;21;9999.0;629.0
1;51600;BANANAS;4867;23;;;;;4872;5;4873;2;4874;21;4869.5;557.8203125
1;51700;PEARLS;9996;2;9995;30;;;10004;2;10005;30;;;10000.0;629.0
1;51700;BANANAS;4871;12;4867;2;4866;30;4873;32;;;;;4872.0;567.5546875
1;51800;PEARLS;9995;25;;;;;10005;25;;;;;10000.0;629.0
1;51800;BANANAS;4866;25;;;;;4873;25;;;;;4869.5;568.75
1;51900;BANANAS;4866;28;;;;;4872;2;4873;26;;;4869.0;577.765625
1;51900;PEARLS;9996;2;9995;26;;;10004;2;10005;26;;;10000.0;629.0
1;52000;BANANAS;4867;3;4866;21;;;4873;21;;;;;4870.0;567.984375
1;52000;PEARLS;9998;2;9995;21;;;10000;5;10005;21;;;9999.0;629.0
1;52100;BANANAS;4866;28;;;;;4873;28;;;;;4869.5;571.3359375
1;52100;PEARLS;9996;1;9995;27;;;10004;1;10005;27;;;10000.0;629.0
1;52200;BANANAS;4866;22;;;;;4871;1;4873;23;;;4868.5;577.5625
1;52200;PEARLS;9995;23;;;;;10005;23;;;;;10000.0;629.0
1;52300;PEARLS;9995;30;;;;;10005;30;;;;;10000.0;629.0
1;52300;BANANAS;4866;30;;;;;4873;30;;;;;4869.5;565.1328125
1;52400;PEARLS;10002;3;9996;1;9995;20;10004;1;10005;20;;;10003.0;629.0
1;52400;BANANAS;4866;21;;;;;4873;21;;;;;4869.5;572.734375
1;52500;PEARLS;9996;2;9995;25;;;10004;2;10005;25;;;10000.0;635.0
1;52500;BANANAS;4866;27;;;;;4873;27;;;;;4869.5;571.140625
1;52600;PEARLS;9996;1;9995;30;;;10004;1;10005;30;;;10000.0;635.0
1;52600;BANANAS;4867;31;;;;;4873;1;4874;30;;;4870.0;557.4765625
1;52700;PEARLS;9996;1;9995;24;;;10002;9;10004;1;10005;24;9999.0;638.0
1;52700;BANANAS;4867;1;4866;24;;;4871;8;4873;25;;;4869.0;565.21875
1;52800;PEARLS;9996;2;9995;26;;;10004;2;10005;26;;;10000.0;638.0
1;52800;BANANAS;4866;28;;;;;4867;8;4873;28;;;4866.5;575.078125
1;52900;PEARLS;9996;1;9995;26;;;10002;3;10004;1;10005;26;9999.0;638.0
1;52900;BANANAS;4867;27;;;;;4872;3;4873;1;4874;26;4869.5;582.2421875
1;53000;PEARLS;9996;1;9995;29;;;10004;1;10005;29;;;10000.0;638.0
1;53000;BANANAS;4867;30;;;;;4873;1;4874;29;;;4870.0;582.28515625
1;53100;PEARLS;9996;2;9995;21;;;9998;5;10004;2;10005;21;9997.0;638.0
1;53100;BANANAS;4868;2;4867;21;;;4874;23;;;;;4871.0;576.4453125
1;53200;PEARLS;9995;23;;;;;10005;23;;;;;10000.0;648.0
1;53200;BANANAS;4873;1;4868;23;;;4875;23;;;;;4874.0;572.2421875
1;53300;PEARLS;9995;20;;;;;10005;20;;;;;10000.0;648.0
1;53300;BANANAS;4868;20;;;;;4875;20;;;;;4871.5;572.828125
1;53400;BANANAS;4868;32;;;;;4874;32;;;;;4871.0;575.98046875
1;53400;PEARLS;9996;2;9995;30;;;9998;1;10004;2;10005;30;9997.0;648.0
1;53500;BANANAS;4868;25;;;;;4873;7;4875;25;;;4870.5;567.58203125
1;53500;PEARLS;9995;25;;;;;10002;7;10005;25;;;9998.5;650.0
1;53600;BANANAS;4868;23;;;;;4869;10;4875;23;;;4868.5;571.0546875
1;53600;PEARLS;9998;2;9996;1;9995;22;10004;1;10005;22;;;10001.0;650.0
1;53700;BANANAS;4868;23;;;;;4875;23;;;;;4871.5;593.5703125
1;53700;PEARLS;9995;23;;;;;10005;23;;;;;10000.0;650.0
1;53800;BANANAS;4869;8;4868;29;;;4875;29;;;;;4872.0;594.5791015625
1;53800;PEARLS;9998;8;9995;29;;;10005;29;;;;;10001.5;650.0
1;53900;BANANAS;4869;26;;;;;4873;8;4875;26;;;4871.0;593.130859375
1;53900;PEARLS;9996;1;9995;25;;;10000;4;10002;8;10004;1;9998.0;650.0
1;54000;BANANAS;4869;22;;;;;4872;5;4874;2;4875;1;4870.5;592.689453125
1;54000;PEARLS;9996;1;9995;21;;;10002;1;10004;1;10005;21;9999.0;650.0
1;54100;BANANAS;4869;22;;;;;4875;1;4876;21;;;4872.0;592.2177734375
1;54100;PEARLS;9996;1;9995;21;;;10004;1;10005;21;;;10000.0;650.0
1;54200;PEARLS;9996;1;9995;20;;;10004;1;10005;20;;;10000.0;656.0
1;54200;BANANAS;4869;20;;;;;4875;1;4876;20;;;4872.0;595.740234375
1;54300;BANANAS;4869;2;4868;26;;;4875;28;;;;;4872.0;597.966796875
1;54300;PEARLS;10002;1;9996;2;9995;26;10004;2;10005;26;;;10003.0;656.0
1;54400;PEARLS;9995;22;;;;;10005;22;;;;;10000.0;658.0
1;54400;BANANAS;4869;22;;;;;4876;22;;;;;4872.5;600.3232421875
1;54500;BANANAS;4869;29;;;;;4874;2;4876;29;;;4871.5;599.75
1;54500;PEARLS;9996;2;9995;27;;;10002;2;10004;2;10005;27;9999.0;658.0
1;54600;PEARLS;10002;2;9996;1;9995;29;10004;1;10005;29;;;10003.0;658.0
1;54600;BANANAS;4869;30;;;;;4876;30;;;;;4872.5;599.8515625
1;54700;BANANAS;4869;23;;;;;4875;1;4876;22;;;4872.0;600.4755859375
1;54700;PEARLS;9996;1;9995;22;;;10004;1;10005;22;;;10000.0;662.0
1;54800;PEARLS;9996;2;9995;23;;;10004;2;10005;23;;;10000.0;665.0
1;54800;BANANAS;4870;2;4869;23;;;4876;25;;;;;4873.0;601.447265625
1;54900;BANANAS;4874;1;4869;24;;;4876;24;;;;;4875.0;602.794921875
1;54900;PEARLS;9996;2;9995;22;;;10004;2;10005;22;;;10000.0;665.0
1;55000;PEARLS;9996;2;9995;20;;;10004;2;10005;20;;;10000.0;665.0
1;55000;BANANAS;4869;22;;;;;4875;2;4876;20;;;4872.0;606.0625
1;55100;BANANAS;4869;26;;;;;4875;26;;;;;4872.0;607.18359375
1;55100;PEARLS;9996;2;9995;24;;;10004;2;10005;24;;;10000.0;665.0
1;55200;PEARLS;9998;8;9996;1;9995;25;10004;1;10005;25;;;10001.0;665.0
1;55200;BANANAS;4870;7;4869;26;;;4875;1;4876;25;;;4872.5;606.2578125
1;55300;BANANAS;4869;22;;;;;4874;4;4876;22;;;4871.5;603.36328125
1;55300;PEARLS;9995;22;;;;;10002;5;10005;22;;;9998.5;665.0
1;55400;PEARLS;9998;7;9996;1;9995;27;10004;1;10005;27;;;10001.0;666.0
1;55400;BANANAS;4870;8;4869;27;;;4876;28;;;;;4873.0;601.662109375
1;55500;BANANAS;4870;24;;;;;4877;24;;;;;4873.5;598.5625
1;55500;PEARLS;9996;2;9995;22;;;10004;2;10005;22;;;10000.0;672.0
1;55600;PEARLS;9995;23;;;;;10002;9;10005;23;;;9998.5;672.0
1;55600;BANANAS;4869;23;;;;;4874;9;4876;23;;;4871.5;602.494140625
1;55700;PEARLS;9996;1;9995;21;;;10002;7;10004;1;10005;21;9999.0;672.0
1;55700;BANANAS;4870;1;4869;21;;;4874;7;4876;22;;;4872.0;602.890625
1;55800;PEARLS;9996;1;9995;25;;;10004;1;10005;25;;;10000.0;672.0
1;55800;BANANAS;4869;26;;;;;4875;1;4876;25;;;4872.0;606.4609375
1;55900;PEARLS;9995;20;;;;;10005;20;;;;;10000.0;672.0
1;55900;BANANAS;4869;20;;;;;4872;1;4876;20;;;4870.5;603.455078125
1;56000;PEARLS;10000;2;9996;1;9995;24;10002;6;10004;1;10005;24;10001.0;672.0
1;56000;BANANAS;4869;25;;;;;4874;6;4876;25;;;4871.5;604.63671875
1;56100;PEARLS;9996;1;9995;27;;;9998;1;10002;3;10004;1;9997.0;672.0
1;56100;BANANAS;4870;1;4869;27;;;4874;3;4876;28;;;4872.0;603.466796875
1;56200;PEARLS;9996;1;9995;30;;;10000;4;10004;1;10005;30;9998.0;674.0
1;56200;BANANAS;4872;3;4870;1;4869;30;4876;31;;;;;4874.0;602.57421875
1;56300;BANANAS;4869;28;;;;;4876;28;;;;;4872.5;602.51171875
1;56300;PEARLS;9995;28;;;;;10005;28;;;;;10000.0;674.0
1;56400;BANANAS;4870;29;;;;;4876;29;;;;;4873.0;601.9453125
1;56400;PEARLS;9996;2;9995;27;;;10004;2;10005;27;;;10000.0;674.0
1;56500;BANANAS;4869;21;;;;;4874;9;4876;21;;;4871.5;610.4140625
1;56500;PEARLS;9995;21;;;;;10002;9;10005;21;;;9998.5;674.0
1;56600;BANANAS;4869;30;;;;;4874;2;4876;30;;;4871.5;610.48095703125
1;56600;PEARLS;9996;2;9995;28;;;10002;2;10004;2;10005;28;9999.0;678.0
1;56700;PEARLS;9998;5;9995;27;;;10005;27;;;;;10001.5;678.0
1;56700;BANANAS;4870;6;4869;27;;;4876;27;;;;;4873.0;610.56982421875
1;56800;PEARLS;9995;23;;;;;10005;23;;;;;10000.0;678.0
1;56800;BANANAS;4868;23;;;;;4875;23;;;;;4871.5;611.1123046875
1;56900;PEARLS;9996;1;9995;20;;;10004;1;10005;20;;;10000.0;678.0
1;56900;BANANAS;4869;1;4868;20;;;4875;21;;;;;4872.0;611.2880859375
1;57000;PEARLS;9996;2;9995;20;;;10002;10;10004;2;10005;20;9999.0;678.0
1;57000;BANANAS;4869;22;;;;;4874;10;4875;2;4876;20;4871.5;610.74169921875
1;57100;PEARLS;9998;6;9995;24;;;10005;24;;;;;10001.5;678.0
1;57100;BANANAS;4874;1;4870;7;4869;24;4876;24;;;;;4875.0;610.58349609375
1;57200;PEARLS;9998;5;9996;1;9995;25;10004;1;10005;25;;;10001.0;678.0
1;57200;BANANAS;4870;5;4869;26;;;4871;5;4872;2;4876;26;4870.5;611.9091796875
1;57300;PEARLS;9996;1;9995;30;;;10004;1;10005;30;;;10000.0;678.0
1;57300;BANANAS;4869;31;;;;;4876;31;;;;;4872.5;619.2216796875
1;57400;PEARLS;9996;1;9995;27;;;10004;1;10005;27;;;10000.0;678.0
1;57400;BANANAS;4869;28;;;;;4875;1;4876;27;;;4872.0;618.8466796875
1;57500;PEARLS;9995;21;;;;;10005;21;;;;;10000.0;678.0
1;57500;BANANAS;4869;21;;;;;4876;21;;;;;4872.5;619.232421875
1;57600;PEARLS;10000;4;9996;2;9995;20;10004;2;10005;20;;;10002.0;678.0
1;57600;BANANAS;4869;22;;;;;4875;22;;;;;4872.0;617.912109375
1;57700;PEARLS;9998;2;9996;1;9995;21;10004;1;10005;21;;;10001.0;678.0
1;57700;BANANAS;4870;2;4869;22;;;4875;22;;;;;4872.5;618.13671875
1;57800;BANANAS;4869;28;;;;;4874;4;4875;2;4876;26;4871.5;618.79296875
1;57800;PEARLS;9996;2;9995;26;;;10002;4;10004;2;10005;26;9999.0;678.0
1;57900;BANANAS;4869;28;;;;;4875;2;4876;26;;;4872.0;618.931640625
1;57900;PEARLS;9996;2;9995;26;;;10004;2;10005;26;;;10000.0;678.0
1;58000;BANANAS;4869;28;;;;;4876;28;;;;;4872.5;619.556640625
1;58000;PEARLS;9995;28;;;;;10005;28;;;;;10000.0;678.0
1;58100;BANANAS;4870;27;;;;;4876;20;;;;;4873.0;620.83203125
1;58100;PEARLS;9998;7;9995;20;;;10005;20;;;;;10001.5;678.0
1;58200;BANANAS;4869;29;;;;;4876;29;;;;;4872.5;619.6142578125
1;58200;PEARLS;9996;2;9995;27;;;10004;2;10005;27;;;10000.0;686.0
1;58300;BANANAS;4869;30;;;;;4875;2;4876;28;;;4872.0;618.28515625
1;58300;PEARLS;9996;2;9995;28;;;10004;2;10005;28;;;10000.0;686.0
1;58400;BANANAS;4869;25;;;;;4876;25;;;;;4872.5;618.2890625
1;58400;PEARLS;9995;25;;;;;10005;25;;;;;10000.0;686.0
1;58500;PEARLS;9998;3;9996;2;9995;20;10004;2;10005;20;;;10001.0;686.0
1;58500;BANANAS;4870;3;4869;22;;;4875;2;4876;20;;;4872.5;618.2900390625
1;58600;PEARLS;9996;1;9995;22;;;10004;1;10005;22;;;10000.0;686.0
1;58600;BANANAS;4870;1;4869;22;;;4876;23;;;;;4873.0;620.10546875
1;58700;BANANAS;4870;1;4869;29;;;4876;30;;;;;4873.0;622.083984375
1;58700;PEARLS;9996;1;9995;29;;;9998;1;10000;4;10004;1;9997.0;689.0
1;58800;BANANAS;4869;31;;;;;4876;31;;;;;4872.5;621.591796875
1;58800;PEARLS;9996;1;9995;30;;;10004;1;10005;30;;;10000.0;691.0
1;58900;PEARLS;9996;2;9995;23;;;10004;2;10005;23;;;10000.0;697.0
1;58900;BANANAS;4875;1;4873;2;4870;25;4876;2;4877;23;;;4875.5;627.3486328125
1;59000;PEARLS;9996;1;9995;23;;;10004;1;10005;23;;;10000.0;700.0
1;59000;BANANAS;4870;1;4869;23;;;4876;24;;;;;4873.0;628.81787109375
1;59100;BANANAS;4870;8;4869;21;;;4876;21;;;;;4873.0;628.46728515625
1;59100;PEARLS;9998;7;9996;1;9995;20;10004;1;10005;20;;;10001.0;700.0
1;59200;BANANAS;4869;25;;;;;4876;25;;;;;4872.5;628.47412109375
1;59200;PEARLS;10002;1;9996;2;9995;23;10004;2;10005;23;;;10003.0;700.0
1;59300;PEARLS;9998;5;9995;22;;;10005;22;;;;;10001.5;702.0
1;59300;BANANAS;4871;5;4870;22;;;4877;22;;;;;4874.0;629.150390625
1;59400;PEARLS;10002;1;9995;23;;;10005;23;;;;;10003.5;702.0
1;59400;BANANAS;4870;23;;;;;4877;23;;;;;4873.5;629.216796875
1;59500;BANANAS;4870;24;;;;;4877;24;;;;;4873.5;629.595703125
1;59500;PEARLS;9996;2;9995;22;;;10004;2;10005;22;;;10000.0;704.0
1;59600;BANANAS;4870;25;;;;;4876;1;4877;24;;;4873.0;629.08935546875
1;59600;PEARLS;10002;1;9996;1;9995;24;10004;1;10005;24;;;10003.0;704.0
1;59700;PEARLS;9996;1;9995;25;;;10004;1;10005;25;;;10000.0;704.0
1;59700;BANANAS;4875;1;4870;26;;;4877;26;;;;;4876.0;629.5283203125
1;59800;PEARLS;9998;9;9996;2;9995;22;10004;2;10005;22;;;10001.0;704.0
1;59800;BANANAS;4871;9;4870;24;;;4877;24;;;;;4874.0;631.0
1;59900;BANANAS;4871;25;;;;;4877;25;;;;;4874.0;641.041015625
1;59900;PEARLS;9996;2;9995;23;;;10004;2;10005;23;;;10000.0;704.0
1;60000;PEARLS;9996;1;9995;25;;;9998;3;10002;10;10004;1;9997.0;710.0
1;60000;BANANAS;4876;1;4871;26;;;4878;26;;;;;4877.0;648.3515625
1;60100;PEARLS;9996;1;9995;27;;;10004;1;10005;27;;;10000.0;716.0
1;60100;BANANAS;4872;1;4871;27;;;4878;28;;;;;4875.0;652.220703125
1;60200;PEARLS;9996;1;9995;25;;;10004;1;10005;25;;;10000.0;716.0
1;60200;BANANAS;4872;26;;;;;4878;1;4879;25;;;4875.0;653.7109375
1;60300;PEARLS;9998;3;9996;1;9995;23;10004;1;10005;23;;;10001.0;716.0
1;60300;BANANAS;4872;27;;;;;4878;24;;;;;4875.0;652.630859375
1;60400;PEARLS;9996;2;9995;22;;;9998;1;10004;2;10005;22;9997.0;716.0
1;60400;BANANAS;4872;2;4871;22;;;4878;24;;;;;4875.0;667.5625
1;60500;PEARLS;9995;25;;;;;10000;2;10005;25;;;9997.5;718.0
1;60500;BANANAS;4872;25;;;;;4879;25;;;;;4875.5;672.453125
1;60600;PEARLS;9996;1;9995;21;;;10004;1;10005;21;;;10000.0;718.0
1;60600;BANANAS;4872;21;;;;;4878;22;;;;;4875.0;670.5234375
1;60700;PEARLS;9998;10;9995;24;;;10005;24;;;;;10001.5;751.0
1;60700;BANANAS;4873;9;4872;24;;;4879;24;;;;;4876.0;674.9375
1;60800;BANANAS;4878;1;4873;2;4872;26;4879;28;;;;;4878.5;684.2734375
1;60800;PEARLS;9996;2;9995;26;;;10004;2;10005;26;;;10000.0;751.0
1;60900;BANANAS;4878;1;4873;10;4872;29;4879;29;;;;;4878.5;681.8984375
1;60900;PEARLS;9998;10;9995;29;;;10005;29;;;;;10001.5;751.0
1;61000;BANANAS;4873;1;4872;25;;;4879;26;;;;;4876.0;686.99609375
1;61000;PEARLS;9996;1;9995;25;;;9998;1;10004;1;10005;25;9997.0;751.0
1;61100;PEARLS;9996;2;9995;29;;;10004;2;10005;29;;;10000.0;753.0
1;61100;BANANAS;4873;2;4872;29;;;4874;4;4879;31;;;4873.5;688.59765625
1;61200;PEARLS;9998;1;9995;22;;;10005;22;;;;;10001.5;753.0
1;61200;BANANAS;4873;22;;;;;4880;22;;;;;4876.5;706.59375
1;61300;PEARLS;9995;27;;;;;10005;27;;;;;10000.0;753.0
1;61300;BANANAS;4873;27;;;;;4880;27;;;;;4876.5;704.859375
1;61400;PEARLS;9995;28;;;;;10005;28;;;;;10000.0;753.0
1;61400;BANANAS;4873;28;;;;;4880;28;;;;;4876.5;702.046875
1;61500;PEARLS;9998;4;9995;22;;;10005;22;;;;;10001.5;753.0
1;61500;BANANAS;4878;1;4873;4;4872;22;4879;22;;;;;4878.5;694.296875
1;61600;PEARLS;9996;1;9995;27;;;10004;1;10005;27;;;10000.0;753.0
1;61600;BANANAS;4872;28;;;;;4879;28;;;;;4875.5;690.4765625
1;61700;PEARLS;9996;2;9995;21;;;10004;2;10005;21;;;10000.0;753.0
1;61700;BANANAS;4872;23;;;;;4878;2;4879;21;;;4875.0;688.6484375
1;61800;PEARLS;9996;2;9995;24;;;10004;2;10005;24;;;10000.0;753.0
1;61800;BANANAS;4872;26;;;;;4873;1;4879;26;;;4872.5;692.296875
1;61900;PEARLS;9995;28;;;;;10002;8;10005;28;;;9998.5;753.0
1;61900;BANANAS;4872;28;;;;;4877;8;4879;28;;;4874.5;701.6875
1;62000;PEARLS;9995;24;;;;;10005;24;;;;;10000.0;753.0
1;62000;BANANAS;4872;24;;;;;4879;24;;;;;4875.5;696.03125
1;62100;PEARLS;9996;2;9995;25;;;10002;3;10004;2;10005;25;9999.0;753.0
1;62100;BANANAS;4873;2;4872;25;;;4877;3;4879;27;;;4875.0;700.46875
1;62200;PEARLS;9998;9;9996;2;9995;22;10004;2;10005;22;;;10001.0;753.0
1;62200;BANANAS;4873;33;;;;;4879;24;;;;;4876.0;701.796875
1;62300;BANANAS;4873;21;;;;;4880;21;;;;;4876.5;709.421875
1;62300;PEARLS;9995;21;;;;;10005;21;;;;;10000.0;753.0
1;62400;BANANAS;4874;24;;;;;4880;24;;;;;4877.0;720.7421875
1;62400;PEARLS;9995;24;;;;;10005;24;;;;;10000.0;753.0
1;62500;BANANAS;4874;27;;;;;4881;27;;;;;4877.5;728.7578125
1;62500;PEARLS;9996;2;9995;25;;;10004;2;10005;25;;;10000.0;753.0
1;62600;BANANAS;4879;12;4875;6;4874;22;4881;22;;;;;4880.0;727.75
1;62600;PEARLS;9998;6;9996;1;9995;21;10004;1;10005;21;;;10001.0;753.0
1;62700;BANANAS;4875;4;4874;25;;;4881;25;;;;;4878.0;748.20703125
1;62700;PEARLS;9998;3;9995;25;;;10005;25;;;;;10001.5;753.0
1;62800;BANANAS;4875;22;;;;;4882;22;;;;;4878.5;749.966796875
1;62800;PEARLS;9995;22;;;;;10005;22;;;;;10000.0;753.0
1;62900;BANANAS;4876;3;4875;22;;;4882;22;;;;;4879.0;751.03125
1;62900;PEARLS;10002;11;9998;3;9996;2;10004;2;10005;20;;;10003.0;797.0
1;63000;PEARLS;9995;30;;;;;10005;30;;;;;10000.0;819.0
1;63000;BANANAS;4875;30;;;;;4882;30;;;;;4878.5;751.150390625
1;63100;BANANAS;4875;30;;;;;4882;30;;;;;4878.5;772.1484375
1;63100;PEARLS;9995;30;;;;;9998;1;10005;30;;;9996.5;819.0
1;63200;PEARLS;9996;1;9995;24;;;10004;1;10005;24;;;10000.0;821.0
1;63200;BANANAS;4875;1;4874;24;;;4881;25;;;;;4878.0;765.4609375
1;63300;BANANAS;4880;1;4875;30;;;4881;30;;;;;4880.5;767.0234375
1;63300;PEARLS;10002;4;9995;30;;;10005;30;;;;;10003.5;821.0
1;63400;PEARLS;9996;2;9995;22;;;10004;2;10005;22;;;10000.0;829.0
1;63400;BANANAS;4875;24;;;;;4881;24;;;;;4878.0;769.31640625
1;63500;BANANAS;4875;28;;;;;4878;4;4882;28;;;4876.5;770.44140625
1;63500;PEARLS;9995;28;;;;;10005;28;;;;;10000.0;829.0
1;63600;PEARLS;9995;22;;;;;10005;22;;;;;10000.0;829.0
1;63600;BANANAS;4880;1;4874;22;;;4881;22;;;;;4880.5;764.1015625
1;63700;BANANAS;4875;21;;;;;4879;7;4881;21;;;4877.0;769.90625
1;63700;PEARLS;9995;21;;;;;10000;5;10002;7;10005;21;9997.5;829.0
1;63800;PEARLS;9996;1;9995;27;;;9998;1;10004;1;10005;27;9997.0;829.0
1;63800;BANANAS;4874;28;;;;;4881;28;;;;;4877.5;763.2890625
1;63900;BANANAS;4874;22;;;;;4877;2;4881;22;;;4875.5;763.8828125
1;63900;PEARLS;9995;22;;;;;10000;2;10005;22;;;9997.5;831.0
1;64000;PEARLS;9995;30;;;;;9998;11;10002;10;10005;30;9996.5;831.0
1;64000;BANANAS;4874;30;;;;;4875;1;4879;10;4881;30;4874.5;763.28125
1;64100;BANANAS;4874;28;;;;;4879;4;4881;28;;;4876.5;766.0078125
1;64100;PEARLS;9996;2;9995;26;;;10002;4;10004;2;10005;26;9999.0;853.0
1;64200;PEARLS;9996;2;9995;25;;;10004;2;10005;25;;;10000.0;853.0
1;64200;BANANAS;4874;27;;;;;4881;27;;;;;4877.5;768.078125
1;64300;BANANAS;4875;4;4874;22;;;4881;22;;;;;4878.0;767.2421875
1;64300;PEARLS;9998;4;9996;2;9995;20;10004;2;10005;20;;;10001.0;853.0
1;64400;PEARLS;9996;2;9995;27;;;10004;2;10005;27;;;10000.0;853.0
1;64400;BANANAS;4874;29;;;;;4880;2;4881;27;;;4877.0;762.109375
1;64500;PEARLS;9996;2;9995;20;;;10004;2;10005;20;;;10000.0;853.0
1;64500;BANANAS;4874;22;;;;;4880;2;4881;20;;;4877.0;760.0
1;64600;PEARLS;9996;2;9995;27;;;10004;2;10005;27;;;10000.0;853.0
1;64600;BANANAS;4874;29;;;;;4880;2;4881;27;;;4877.0;761.453125
1;64700;PEARLS;10002;1;9996;1;9995;28;10004;1;10005;28;;;10003.0;871.0
1;64700;BANANAS;4874;29;;;;;4881;29;;;;;4877.5;764.5625
1;64800;PEARLS;9996;1;9995;20;;;10004;1;10005;20;;;10000.0;873.0
1;64800;BANANAS;4874;21;;;;;4875;1;4881;21;;;4874.5;766.8828125
1;64900;PEARLS;9996;2;9995;30;;;9998;4;10002;10;10004;2;9997.0;873.0
1;64900;BANANAS;4875;32;;;;;4880;10;4881;2;4882;30;4877.5;781.65625
1;65000;PEARLS;9996;1;9995;26;;;10002;5;10004;1;10005;26;9999.0;881.0
1;65000;BANANAS;4875;27;;;;;4879;4;4881;27;;;4877.0;778.0703125
1;65100;PEARLS;9998;10;9996;1;9995;25;10004;1;10005;25;;;10001.0;881.0
1;65100;BANANAS;4875;11;4874;25;;;4881;26;;;;;4878.0;775.109375
1;65200;BANANAS;4874;28;;;;;4879;6;4880;1;4881;28;4876.5;765.234375
1;65200;PEARLS;9996;1;9995;28;;;10002;6;10004;1;10005;28;9999.0;881.0
1;65300;BANANAS;4874;29;;;;;4879;9;4881;29;;;4876.5;771.703125
1;65300;PEARLS;9995;29;;;;;10002;9;10005;29;;;9998.5;881.0
1;65400;BANANAS;4880;1;4875;10;4874;21;4881;21;;;;;4880.5;775.7109375
1;65400;PEARLS;9998;10;9995;21;;;10005;21;;;;;10001.5;881.0
1;65500;BANANAS;4874;20;;;;;4881;20;;;;;4877.5;779.2109375
1;65500;PEARLS;9995;20;;;;;10005;20;;;;;10000.0;881.0
1;65600;PEARLS;9998;3;9995;20;;;10005;20;;;;;10001.5;881.0
1;65600;BANANAS;4876;3;4875;20;;;4882;20;;;;;4879.0;787.7421875
1;65700;PEARLS;9995;24;;;;;10005;24;;;;;10000.0;881.0
1;65700;BANANAS;4875;23;;;;;4882;24;;;;;4878.5;788.171875
1;65800;PEARLS;10002;4;9995;30;;;10005;30;;;;;10003.5;881.0
1;65800;BANANAS;4875;30;;;;;4882;30;;;;;4878.5;790.546875
1;65900;PEARLS;9996;2;9995;24;;;10004;2;10005;24;;;10000.0;889.0
1;65900;BANANAS;4875;26;;;;;4882;26;;;;;4878.5;793.78125
1;66000;PEARLS;9996;1;9995;24;;;10004;1;10005;24;;;10000.0;889.0
1;66000;BANANAS;4878;6;4876;1;4875;24;4882;25;;;;;4880.0;794.2421875
1;66100;PEARLS;9996;2;9995;23;;;10004;2;10005;23;;;10000.0;889.0
1;66100;BANANAS;4880;1;4875;25;;;4881;2;4882;23;;;4880.5;785.4609375
1;66200;PEARLS;10002;1;9996;1;9995;22;10004;1;10005;22;;;10003.0;895.0
1;66200;BANANAS;4875;1;4874;22;;;4881;23;;;;;4878.0;781.0625
1;66300;PEARLS;10000;3;9995;20;;;10002;5;10005;20;;;10001.0;897.0
1;66300;BANANAS;4879;6;4874;20;;;4881;20;;;;;4880.0;781.03125
1;66400;PEARLS;9996;2;9995;24;;;10004;2;10005;24;;;10000.0;897.0
1;66400;BANANAS;4875;2;4874;24;;;4881;26;;;;;4878.0;778.5078125
1;66500;PEARLS;9996;1;9995;30;;;10004;1;10005;30;;;10000.0;897.0
1;66500;BANANAS;4879;1;4874;31;;;4880;1;4881;30;;;4879.5;767.203125
1;66600;PEARLS;10002;3;9998;1;9996;2;10004;2;10005;29;;;10003.0;897.0
1;66600;BANANAS;4877;1;4874;1;4873;31;4879;2;4880;29;;;4878.0;752.671875
1;66700;BANANAS;4877;2;4873;26;;;4879;1;4880;25;;;4878.0;751.9140625
1;66700;PEARLS;9996;1;9995;25;;;10004;1;10005;25;;;10000.0;903.0
1;66800;BANANAS;4872;26;;;;;4879;26;;;;;4875.5;740.109375
1;66800;PEARLS;9996;1;9995;25;;;10004;1;10005;25;;;10000.0;903.0
1;66900;BANANAS;4872;20;;;;;4879;20;;;;;4875.5;743.78125
1;66900;PEARLS;9995;20;;;;;10005;20;;;;;10000.0;903.0
1;67000;BANANAS;4873;25;;;;;4879;24;;;;;4876.0;745.9921875
1;67000;PEARLS;9998;1;9996;2;9995;22;10004;2;10005;22;;;10001.0;903.0
1;67100;BANANAS;4872;26;;;;;4879;26;;;;;4875.5;740.8046875
1;67100;PEARLS;9996;1;9995;25;;;10004;1;10005;25;;;10000.0;903.0
1;67200;BANANAS;4872;23;;;;;4879;23;;;;;4875.5;740.3046875
1;67200;PEARLS;9995;23;;;;;10005;23;;;;;10000.0;903.0
1;67300;BANANAS;4872;21;;;;;4873;8;4879;22;;;4872.5;742.7109375
1;67300;PEARLS;9996;1;9995;21;;;10004;1;10005;21;;;10000.0;903.0
1;67400;BANANAS;4872;29;;;;;4879;29;;;;;4875.5;743.28125
1;67400;PEARLS;9996;1;9995;28;;;10004;1;10005;28;;;10000.0;903.0
1;67500;PEARLS;9995;22;;;;;10005;22;;;;;10000.0;918.0
1;67500;BANANAS;4872;22;;;;;4879;22;;;;;4875.5;742.1015625
1;67600;PEARLS;9996;1;9995;25;;;10004;1;10005;25;;;10000.0;918.0
1;67600;BANANAS;4872;26;;;;;4878;1;4879;25;;;4875.0;738.171875
1;67700;BANANAS;4872;23;;;;;4879;23;;;;;4875.5;742.5
1;67700;PEARLS;9996;2;9995;21;;;10000;3;10004;2;10005;21;9998.0;918.0
1;67800;BANANAS;4872;32;;;;;4879;32;;;;;4875.5;744.5
1;67800;PEARLS;9996;2;9995;30;;;10004;2;10005;30;;;10000.0;918.0
1;67900;PEARLS;9995;26;;;;;10005;26;;;;;10000.0;930.0
1;67900;BANANAS;4872;26;;;;;4879;26;;;;;4875.5;743.109375
1;68000;PEARLS;9995;25;;;;;10002;5;10005;25;;;9998.5;930.0
1;68000;BANANAS;4873;25;;;;;4878;5;4880;25;;;4875.5;757.1015625
1;68100;BANANAS;4873;27;;;;;4878;8;4879;1;4880;26;4875.5;754.8046875
1;68100;PEARLS;9996;1;9995;26;;;10002;8;10004;1;10005;26;9999.0;930.0
1;68200;BANANAS;4873;24;;;;;4875;2;4880;24;;;4874.0;762.6484375
1;68200;PEARLS;9996;1;9995;23;;;9998;1;10004;1;10005;23;9997.0;930.0
1;68300;PEARLS;9996;1;9995;25;;;10002;4;10004;1;10005;25;9999.0;932.0
1;68300;BANANAS;4873;26;;;;;4874;8;4878;4;4880;26;4873.5;760.03125
1;68400;PEARLS;10002;1;9996;1;9995;30;10004;1;10005;30;;;10003.0;932.0
1;68400;BANANAS;4873;31;;;;;4880;31;;;;;4876.5;765.2578125
1;68500;BANANAS;4878;1;4873;23;;;4879;23;;;;;4878.5;751.9453125
1;68500;PEARLS;9996;1;9995;22;;;10004;1;10005;22;;;10000.0;934.0
1;68600;BANANAS;4873;27;;;;;4880;27;;;;;4876.5;767.625
1;68600;PEARLS;9995;27;;;;;9998;1;10005;27;;;9996.5;937.0
1;68700;PEARLS;9998;10;9996;2;9995;20;10004;2;10005;20;;;10001.0;939.0
1;68700;BANANAS;4874;12;4873;20;;;4880;22;;;;;4877.0;769.046875
1;68800;PEARLS;9996;1;9995;30;;;10000;6;10002;1;10004;1;9998.0;939.0
1;68800;BANANAS;4873;31;;;;;4878;1;4880;31;;;4875.5;766.4609375
1;68900;PEARLS;9998;3;9996;2;9995;23;10004;2;10005;23;;;10001.0;939.0
1;68900;BANANAS;4878;4;4875;3;4874;25;4880;2;4881;23;;;4879.0;777.6640625
1;69000;PEARLS;9996;1;9995;27;;;10004;1;10005;27;;;10000.0;939.0
1;69000;BANANAS;4875;1;4874;27;;;4881;28;;;;;4878.0;789.4765625
1;69100;PEARLS;9996;1;9995;25;;;10004;1;10005;25;;;10000.0;939.0
1;69100;BANANAS;4874;26;;;;;4880;1;4881;25;;;4877.0;780.9296875
1;69200;PEARLS;9996;1;9995;20;;;10002;8;10004;1;10005;20;9999.0;942.0
1;69200;BANANAS;4874;21;;;;;4879;8;4881;21;;;4876.5;785.9140625
1;69300;PEARLS;9996;1;9995;23;;;10004;1;10005;23;;;10000.0;942.0
1;69300;BANANAS;4874;24;;;;;4877;6;4881;24;;;4875.5;784.140625
1;69400;PEARLS;9995;22;;;;;10005;22;;;;;10000.0;942.0
1;69400;BANANAS;4874;22;;;;;4881;22;;;;;4877.5;783.9609375
1;69500;PEARLS;9996;1;9995;30;;;10002;8;10004;1;10005;30;9999.0;942.0
1;69500;BANANAS;4874;31;;;;;4879;8;4880;1;4881;30;4876.5;780.28125
1;69600;BANANAS;4874;27;;;;;4880;27;;;;;4877.0;776.984375
1;69600;PEARLS;9996;2;9995;25;;;10004;2;10005;25;;;10000.0;942.0
1;69700;BANANAS;4873;26;;;;;4880;26;;;;;4876.5;770.765625
1;69700;PEARLS;10002;1;9996;2;9995;24;10004;2;10005;24;;;10003.0;942.0
1;69800;BANANAS;4873;23;;;;;4874;1;4880;23;;;4873.5;770.2890625
1;69800;PEARLS;9996;1;9995;22;;;10004;1;10005;22;;;10000.0;944.0
1;69900;BANANAS;4874;10;4873;26;;;4880;26;;;;;4877.0;775.3671875
1;69900;PEARLS;10002;1;9998;10;9996;2;10004;2;10005;24;;;10003.0;944.0
1;70000;PEARLS;9996;2;9995;28;;;10004;2;10005;28;;;10000.0;946.0
1;70000;BANANAS;4874;2;4873;28;;;4880;30;;;;;4877.0;778.4296875
1;70100;PEARLS;10002;1;9995;27;;;10005;27;;;;;10003.5;946.0
1;70100;BANANAS;4874;26;;;;;4880;27;;;;;4877.0;779.8984375
1;70200;PEARLS;9996;2;9995;28;;;10004;2;10005;28;;;10000.0;948.0
1;70200;BANANAS;4874;30;;;;;4880;30;;;;;4877.0;780.2890625
1;70300;PEARLS;9998;10;9996;1;9995;24;10004;1;10005;24;;;10001.0;948.0
1;70300;BANANAS;4875;10;4874;25;;;4880;1;4881;24;;;4877.5;782.3671875
1;70400;PEARLS;10002;13;9996;2;9995;29;10004;2;10005;29;;;10003.0;951.0
1;70400;BANANAS;4874;2;4873;29;;;4880;31;;;;;4877.0;781.46875
1;70500;PEARLS;10002;1;9995;21;;;10005;21;;;;;10003.5;977.0
1;70500;BANANAS;4877;4;4874;21;;;4880;21;;;;;4878.5;783.6328125
1;70600;PEARLS;10002;1;10000;3;9996;1;10004;1;10005;22;;;10003.0;979.0
1;70600;BANANAS;4874;23;;;;;4875;1;4881;23;;;4874.5;788.8046875
1;70700;PEARLS;9995;27;;;;;10005;27;;;;;10000.0;981.0
1;70700;BANANAS;4874;27;;;;;4881;27;;;;;4877.5;789.5546875
1;70800;PEARLS;9996;2;9995;20;;;9998;5;10002;8;10004;2;9997.0;985.0
1;70800;BANANAS;4874;22;;;;;4878;8;4880;22;;;4876.0;787.625
1;70900;PEARLS;9995;21;;;;;10005;21;;;;;10000.0;995.0
1;70900;BANANAS;4874;20;;;;;4880;21;;;;;4877.0;787.828125
1;71000;PEARLS;9996;2;9995;28;;;9998;3;10004;2;10005;28;9997.0;995.0
1;71000;BANANAS;4874;10;4873;28;;;4880;30;;;;;4877.0;785.375
1;71100;BANANAS;4875;4;4874;30;;;4880;30;;;;;4877.5;787.80078125
1;71100;PEARLS;9998;4;9995;30;;;10005;30;;;;;10001.5;1001.0
1;71200;BANANAS;4874;1;4873;27;;;4880;28;;;;;4877.0;784.6484375
1;71200;PEARLS;9996;1;9995;27;;;9998;1;10004;1;10005;27;9997.0;1009.0
1;71300;BANANAS;4873;30;;;;;4879;2;4880;28;;;4876.0;780.44140625
1;71300;PEARLS;9996;2;9995;28;;;10004;2;10005;28;;;10000.0;1011.0
1;71400;BANANAS;4873;27;;;;;4879;2;4880;25;;;4876.0;779.65234375
1;71400;PEARLS;10002;2;9996;2;9995;25;10004;2;10005;25;;;10003.0;1011.0
1;71500;BANANAS;4873;26;;;;;4880;26;;;;;4876.5;778.30078125
1;71500;PEARLS;9995;26;;;;;10005;26;;;;;10000.0;1015.0
1;71600;BANANAS;4874;9;4873;29;;;4880;31;;;;;4877.0;786.0859375
1;71600;PEARLS;9998;7;9996;2;9995;29;10004;2;10005;29;;;10001.0;1015.0
1;71700;BANANAS;4873;26;;;;;4879;1;4880;25;;;4876.0;782.484375
1;71700;PEARLS;9996;1;9995;25;;;9998;1;10004;1;10005;25;9997.0;1015.0
1;71800;BANANAS;4873;22;;;;;4880;22;;;;;4876.5;789.3125
1;71800;PEARLS;9995;22;;;;;9998;1;10005;22;;;9996.5;1017.0
1;71900;BANANAS;4874;30;;;;;4875;1;4880;30;;;4874.5;797.40625
1;71900;PEARLS;9996;2;9995;28;;;10004;2;10005;28;;;10000.0;1019.0
1;72000;PEARLS;9998;2;9996;1;9995;23;10004;1;10005;23;;;10001.0;1019.0
1;72000;BANANAS;4877;6;4875;3;4874;23;4881;24;;;;;4879.0;811.71875
1;72100;BANANAS;4875;2;4874;24;;;4881;26;;;;;4878.0;805.8828125
1;72100;PEARLS;9996;2;9995;24;;;9998;1;10004;2;10005;24;9997.0;1019.0
1;72200;PEARLS;9995;25;;;;;9998;1;10005;25;;;9996.5;1021.0
1;72200;BANANAS;4874;25;;;;;4881;25;;;;;4877.5;805.44140625
1;72300;BANANAS;4875;1;4874;22;;;4881;23;;;;;4878.0;806.1640625
1;72300;PEARLS;9996;1;9995;22;;;10004;1;10005;22;;;10000.0;1023.0
1;72400;PEARLS;9995;25;;;;;10005;25;;;;;10000.0;1023.0
1;72400;BANANAS;4874;25;;;;;4881;25;;;;;4877.5;805.21484375
1;72500;BANANAS;4875;22;;;;;4882;22;;;;;4878.5;814.5859375
1;72500;PEARLS;10000;4;9996;2;9995;20;10004;2;10005;20;;;10002.0;1023.0
1;72600;PEARLS;9998;8;9995;28;;;10005;28;;;;;10001.5;1023.0
1;72600;BANANAS;4880;4;4876;36;;;4882;28;;;;;4881.0;818.4453125
1;72700;BANANAS;4876;28;;;;;4883;28;;;;;4879.5;825.033203125
1;72700;PEARLS;9995;28;;;;;10005;28;;;;;10000.0;1023.0
1;72800;PEARLS;9996;2;9995;27;;;10004;2;10005;27;;;10000.0;1023.0
1;72800;BANANAS;4876;29;;;;;4883;29;;;;;4879.5;825.76953125
1;72900;BANANAS;4876;23;;;;;4881;4;4883;23;;;4878.5;826.79296875
1;72900;PEARLS;9996;1;9995;22;;;10002;4;10004;1;10005;22;9999.0;1023.0
1;73000;PEARLS;9995;21;;;;;10005;21;;;;;10000.0;1023.0
1;73000;BANANAS;4876;21;;;;;4883;21;;;;;4879.5;828.337890625
1;73100;BANANAS;4877;28;;;;;4880;2;4882;7;4884;28;4878.5;831.42578125
1;73100;PEARLS;9996;1;9995;27;;;10002;7;10004;1;10005;27;9999.0;1023.0
1;73200;PEARLS;9996;1;9995;23;;;10002;7;10004;1;10005;23;9999.0;1023.0
1;73200;BANANAS;4878;1;4877;23;;;4882;7;4884;24;;;4880.0;833.412109375
1;73300;BANANAS;4877;25;;;;;4884;25;;;;;4880.5;831.7890625
1;73300;PEARLS;9996;2;9995;23;;;10004;2;10005;23;;;10000.0;1023.0
1;73400;PEARLS;9995;30;;;;;10002;6;10005;30;;;9998.5;1023.0
1;73400;BANANAS;4877;30;;;;;4882;7;4884;30;;;4879.5;834.02734375
1;73500;PEARLS;9998;6;9996;1;9995;24;10004;1;10005;24;;;10001.0;1023.0
1;73500;BANANAS;4882;12;4878;7;4877;24;4884;25;;;;;4883.0;833.318359375
1;73600;PEARLS;9995;30;;;;;9998;1;10005;30;;;9996.5;1023.0
1;73600;BANANAS;4877;30;;;;;4884;30;;;;;4880.5;847.95703125
1;73700;PEARLS;10002;4;9995;25;;;10005;25;;;;;10003.5;1025.0
1;73700;BANANAS;4878;25;;;;;4885;25;;;;;4881.5;850.603515625
1;73800;PEARLS;9998;1;9996;1;9995;21;10004;1;10005;21;;;10001.0;1033.0
1;73800;BANANAS;4878;2;4877;21;;;4884;22;;;;;4881.0;853.962890625
1;73900;PEARLS;9995;27;;;;;10005;27;;;;;10000.0;1033.0
1;73900;BANANAS;4878;27;;;;;4884;27;;;;;4881.0;875.46875
1;74000;PEARLS;10000;5;9996;2;9995;27;10004;2;10005;27;;;10002.0;1041.0
1;74000;BANANAS;4877;29;;;;;4878;2;4884;29;;;4877.5;884.8671875
1;74100;BANANAS;4878;5;4877;24;;;4883;1;4884;23;;;4880.5;891.64453125
1;74100;PEARLS;9998;5;9996;1;9995;23;10004;1;10005;23;;;10001.0;1041.0
1;74200;BANANAS;4877;31;;;;;4882;1;4883;1;4884;30;4879.5;898.09765625
1;74200;PEARLS;9996;1;9995;30;;;10002;1;10004;1;10005;30;9999.0;1041.0
1;74300;BANANAS;4882;1;4878;7;4877;27;4883;1;4884;26;;;4882.5;898.765625
1;74300;PEARLS;9998;6;9996;1;9995;26;10004;1;10005;26;;;10001.0;1043.0
1;74400;BANANAS;4877;23;;;;;4883;2;4884;21;;;4880.0;900.078125
1;74400;PEARLS;9996;2;9995;21;;;10004;2;10005;21;;;10000.0;1046.0
1;74500;PEARLS;9996;2;9995;24;;;10004;2;10005;24;;;10000.0;1046.0
1;74500;BANANAS;4883;1;4882;1;4877;26;4884;26;;;;;4883.5;896.69921875
1;74600;PEARLS;9996;2;9995;27;;;9998;2;10004;2;10005;27;9997.0;1046.0
1;74600;BANANAS;4877;29;;;;;4884;29;;;;;4880.5;899.90625
1;74700;PEARLS;9996;1;9995;26;;;10004;1;10005;26;;;10000.0;1050.0
1;74700;BANANAS;4877;27;;;;;4880;6;4883;1;4884;26;4878.5;904.0625
1;74800;PEARLS;9996;2;9995;24;;;10004;2;10005;24;;;10000.0;1050.0
1;74800;BANANAS;4877;2;4876;24;;;4883;26;;;;;4880.0;906.671875
1;74900;PEARLS;9996;1;9995;27;;;10004;1;10005;27;;;10000.0;1050.0
1;74900;BANANAS;4877;1;4876;27;;;4883;28;;;;;4880.0;906.73046875
1;75000;PEARLS;9996;1;9995;21;;;9998;4;10004;1;10005;21;9997.0;1050.0
1;75000;BANANAS;4877;22;;;;;4884;22;;;;;4880.5;903.005859375
1;75100;PEARLS;9996;2;9995;26;;;10002;8;10004;2;10005;26;9999.0;1058.0
1;75100;BANANAS;4877;28;;;;;4881;8;4883;28;;;4879.0;907.89453125
1;75200;PEARLS;9996;1;9995;30;;;10004;1;10005;30;;;10000.0;1058.0
1;75200;BANANAS;4877;31;;;;;4880;6;4883;1;4884;30;4878.5;907.6171875
1;75300;PEARLS;9998;7;9996;1;9995;26;10004;1;10005;26;;;10001.0;1058.0
1;75300;BANANAS;4877;8;4876;26;;;4883;27;;;;;4880.0;907.822265625
1;75400;PEARLS;9995;25;;;;;10005;25;;;;;10000.0;1058.0
1;75400;BANANAS;4876;25;;;;;4883;25;;;;;4879.5;907.41748046875
1;75500;PEARLS;9996;1;9995;22;;;10004;1;10005;22;;;10000.0;1058.0
1;75500;BANANAS;4877;1;4876;22;;;4883;23;;;;;4880.0;907.7705078125
1;75600;BANANAS;4877;2;4876;23;;;4883;25;;;;;4880.0;909.6435546875
1;75600;PEARLS;9996;2;9995;23;;;9998;9;10004;2;10005;23;9997.0;1064.0
1;75700;BANANAS;4882;1;4877;27;;;4883;27;;;;;4882.5;909.9189453125
1;75700;PEARLS;9996;2;9995;25;;;10004;2;10005;25;;;10000.0;1074.0
1;75800;BANANAS;4876;28;;;;;4881;2;4883;28;;;4878.5;911.66650390625
1;75800;PEARLS;9996;2;9995;26;;;10002;3;10004;2;10005;26;9999.0;1080.0
1;75900;BANANAS;4877;2;4876;22;;;4878;3;4883;24;;;4877.5;920.67578125
1;75900;PEARLS;9996;2;9995;22;;;10004;2;10005;22;;;10000.0;1080.0
1;76000;BANANAS;4878;8;4877;31;;;4884;31;;;;;4881.0;929.6171875
1;76000;PEARLS;9998;8;9996;1;9995;30;10004;1;10005;30;;;10001.0;1080.0
1;76100;BANANAS;4877;28;;;;;4884;28;;;;;4880.5;930.4765625
1;76100;PEARLS;10002;1;9995;28;;;10005;28;;;;;10003.5;1080.0
1;76200;BANANAS;4878;9;4877;28;;;4884;28;;;;;4881.0;932.40625
1;76200;PEARLS;9998;9;9995;28;;;10005;28;;;;;10001.5;1082.0
1;76300;BANANAS;4878;8;4877;21;;;4884;22;;;;;4881.0;932.5859375
1;76300;PEARLS;9998;7;9996;1;9995;21;10004;1;10005;21;;;10001.0;1082.0
1;76400;BANANAS;4877;28;;;;;4884;28;;;;;4880.5;931.25
1;76400;PEARLS;9995;28;;;;;10005;28;;;;;10000.0;1082.0
1;76500;PEARLS;10000;2;9995;28;;;10005;28;;;;;10002.5;1082.0
1;76500;BANANAS;4877;28;;;;;4884;28;;;;;4880.5;929.8125
1;76600;PEARLS;9995;29;;;;;10005;29;;;;;10000.0;1082.0
1;76600;BANANAS;4877;29;;;;;4884;29;;;;;4880.5;946.1484375
1;76700;BANANAS;4880;2;4878;9;4877;31;4884;31;;;;;4882.0;955.96484375
1;76700;PEARLS;9998;9;9996;1;9995;30;10004;1;10005;30;;;10001.0;1082.0
1;76800;BANANAS;4877;25;;;;;4882;6;4884;25;;;4879.5;950.5625
1;76800;PEARLS;9995;25;;;;;10002;6;10005;25;;;9998.5;1083.0
1;76900;PEARLS;9998;3;9996;2;9995;27;10004;2;10005;27;;;10001.0;1083.0
1;76900;BANANAS;4878;2;4877;29;;;4883;2;4884;27;;;4880.5;952.1171875
1;77000;PEARLS;9995;28;;;;;10005;28;;;;;10000.0;1083.0
1;77000;BANANAS;4877;28;;;;;4884;28;;;;;4880.5;953.48828125
1;77100;BANANAS;4877;10;4876;22;;;4883;22;;;;;4880.0;943.03125
1;77100;PEARLS;9998;10;9995;22;;;10005;22;;;;;10001.5;1083.0
1;77200;BANANAS;4877;30;;;;;4883;30;;;;;4880.0;948.78515625
1;77200;PEARLS;9995;30;;;;;10005;30;;;;;10000.0;1083.0
1;77300;PEARLS;9998;4;9996;1;9995;25;10004;1;10005;25;;;10001.0;1083.0
1;77300;BANANAS;4878;3;4877;26;;;4884;26;;;;;4881.0;956.375
1;77400;PEARLS;9996;2;9995;27;;;10004;2;10005;27;;;10000.0;1083.0
1;77400;BANANAS;4878;29;;;;;4884;29;;;;;4881.0;961.8359375
1;77500;BANANAS;4879;1;4878;23;;;4885;24;;;;;4882.0;971.671875
1;77500;PEARLS;9996;1;9995;23;;;10004;1;10005;23;;;10000.0;1083.0
1;77600;BANANAS;4880;3;4879;30;;;4886;30;;;;;4883.0;983.38671875
1;77600;PEARLS;9998;3;9995;30;;;10005;30;;;;;10001.5;1083.0
1;77700;PEARLS;10002;1;9996;1;9995;30;10004;1;10005;30;;;10003.0;1083.0
1;77700;BANANAS;4880;1;4879;30;;;4886;31;;;;;4883.0;984.18359375
1;77800;PEARLS;9998;2;9996;2;9995;29;10004;2;10005;29;;;10001.0;1085.0
1;77800;BANANAS;4880;4;4879;29;;;4886;31;;;;;4883.0;984.890625
1;77900;PEARLS;9996;2;9995;24;;;9998;1;10002;7;10004;2;9997.0;1085.0
1;77900;BANANAS;4880;26;;;;;4885;6;4887;26;;;4882.5;993.52734375
1;78000;PEARLS;9995;21;;;;;10005;21;;;;;10000.0;1087.0
1;78000;BANANAS;4880;21;;;;;4887;21;;;;;4883.5;994.8828125
1;78100;PEARLS;9995;24;;;;;10005;24;;;;;10000.0;1087.0
1;78100;BANANAS;4880;24;;;;;4881;1;4887;24;;;4880.5;996.58984375
1;78200;PEARLS;10002;1;9995;24;;;10005;24;;;;;10003.5;1087.0
1;78200;BANANAS;4886;1;4881;24;;;4887;24;;;;;4886.5;1003.8125
1;78300;PEARLS;9995;25;;;;;10005;25;;;;;10000.0;1089.0
1;78300;BANANAS;4880;25;;;;;4887;25;;;;;4883.5;999.11328125
1;78400;PEARLS;9995;25;;;;;10005;25;;;;;10000.0;1089.0
1;78400;BANANAS;4880;25;;;;;4886;25;;;;;4883.0;993.4765625
1;78500;BANANAS;4880;25;;;;;4886;25;;;;;4883.0;993.265625
1;78500;PEARLS;9996;2;9995;23;;;10004;2;10005;23;;;10000.0;1089.0
1;78600;BANANAS;4880;25;;;;;4885;5;4886;25;;;4882.5;993.87109375
